4350 6000
232 425 308 500 ΧΠ

236 564 312 621 tam
338 548 535 650 aegyptiaci
553 545 728 625 sermonis
760 549 877 626 ideam
907 549 1120 630 tradendam
1153 555 1462 664 assequendasquc
1489 555 1794 663 ejusdem-regu-

236 689 301 763 las·
330 687 526 789 Neg⁰llum
547 688 755 791 hujusmodi
780 721 848 796 pro
877 723 940 772 sua
964 699 1003 771 in
1029 696 1256 799 philologieis
1292 699 1399 776 rebus
1426 701 1570 778 solertia
1602 701 1699 778 idem
1718 731 1794 803 wag-
1875 683 1881 707 ⁷
1953 701 1965 712 “

235 851 375 927 gressus
402 843 456 901 est
480 826 701 928 Champoll.;
730 856 804 905 non
831 859 946 938 usquc
976 835 1065 910 adeo
1095 852 1213 910 tamen
1245 837 1396 940 perfecit
1425 855 1468 915 ut
1490 867 1582 916 nova
1603 855 1799 941 mamma-

235 969 306 1043 tica
333 969 372 1042 in
402 967 519 1044 lucem
545 989 665 1072 posset
689 975 862 1075 prodire3
890 979 1186 1053 contendendum
1213 1006 1370 1083 namque
1395 983 1449 1056 illi
1473 1000 1551 1057 erat
1574 997 1648 1086 quo
1672 1009 1795 1065 veram

236 1109 594 1214 hieroglyphicorum
622 1129 790 1197 naturam
810 1117 1088 1217 comprobaret,
1117 1118 1362 1220 traditamque
1393 1121 1594 1195 doctrinam
1624 1123 1793 1200 adversus

238 1253 512 1355 impugnatores
542 1251 764 1328 defenderet.
806 1257 874 1329 lies
901 1257 950 1330 ita
988 1281 1025 1330 se
1044 1307 1046 1312 2
1068 1256 1282 1349 habebant,
1314 1285 1428 1360 quum
1467 1263 1792 1335 Monumentorum

238 1396 406 1498 Aegypti
428 1409 472 1466 et¹
491 1391 641 1468 Nubiae
665 1395 867 1468 Enarrator
892 1397 1248 1496 praestantissimus,
1277 1395 1379 1500 cujus
1418 1394 1493 1499 jam
1527 1412 1606 1470 tum
1632 1397 1796 1497 praecla-

237 1560 280 1609 ra
307 1535 385 1609 laus
424 1537 464 1608 in
496 1535 663 1610 orientali
702 1533 908 1612 litteratura
936 1540 1137 1630 emineret,
1178 1541 1360 1641 insperato
1386 1539 1556 1641 patefacti
1592 1556 1679 1615 tunc
1719 1537 1799 1639 nryss

237 1680 364 1769 sterii,
391 1695 433 1752 ut
465 1681 515 1753 ita
542 1677 690 1770 dicam,
719 1678 1010 1781 hieroglyphicas
1047 1683 1249 1783 scripturae
1283 1684 1455 1757 nuntium
1483 1684 1632 1784 occepit.
1665 1683 1800 1756 Mirum

237 1844 312 1920 quo
350 1844 388 1894 se
415 1819 527 1894 animi
566 1821 706 1920 impetu
743 1819 791 1893 ad
821 1819 915 1894 hanc
942 1821 1183 1895 litteraturam
1225 1821 1455 1908 excolendam
1498 1820 1640 1896 dederit
1669 1872 1680 1910 ,
1707 1845 1801 1924 qua-

235 1987 278 2035 re
318 1960 507 2062 diligentia
543 1962 755 2038 traditiones
795 1961 1040 2066 explanandas
1061 1966 1276 2067 'arripuerit
1313 1990 1407 2068 quae
1446 1965 1486 2038 in
1526 1963 1682 2064 Aegypti
1720 1989 1804 2038 mo-

237 2105 421 2178 numentis
466 2119 629 2178 extarent
659 2103 841 2207 proditae.
882 2109 966 2200 Quo
1010 2104 1146 2180 factum
1191 2121 1244 2180 est
1284 2120 1325 2179 ut
1363 2106 1468 2179 illum
1494 2105 1624 2208 quiin
1651 2104 1805 2204 horge-

235 2269 323 2322 nere
351 2207 522 2348 princeps
566 2247 690 2334 ltaliae
730 2244 847 2321 fixerat
873 2245 928 2346 (l)
968 2273 1075 2321 nemo
1113 2245 1245 2322 deinde
1287 2260 1363 2320 tota
1398 2249 1546 2344 Europa
1573 2246 1709 2320 anteire
1735 2270 1801 2320 va-

235 2382 358 2460 luerit.
387 2385 455 2458 Hic
481 2401 523 2459 ut
550 2387 712 2486 primum
737 2386 778 2459 in
804 2385 1061 2487 Champollion
1088 2386 1282 2460 amicitiam
1308 2383 1407 2460 venit
1424 2403 1438 2475 ',
1465 2383 1596 2458 accidit
1621 2384 1798 2486 utrisque,

236 2522 339 2626 quod
365 2526 490 2600 ceteris
511 2525 774 2618 doctioribus,
813 2542 856 2602 ut
895 2554 1026 2630 nempe
1067 2524 1276 2631 conjunctio
1320 2527 1555 2616 animorum,
1594 2525 1800 2601 studiorum

208 2648 475 2748 'similitudine
499 2668 652 2741 maxime
692 2668 922 2760 conciliata,
962 2669 1148 2772 quandam
1181 2667 1367 2743 doctrinae
1403 2665 1699 2742 communitatem
1735 2665 1796 2738 in-¹

237 2821 294 2882 ter
320 2833 380 2883 eos
405 2809 600 2911 pepererit.
629 2811 685 2890 Ex
710 2807 779 2885 hoc
805 2837 928 2888 revera
955 2807 1056 2885 fonte
1095 2810 1302 2916 selinguae
1328 2810 1556 2911 aegyptiacae
1596 2807 1799 2882 doctrinam

235 2947 396 3038 hausisse
423 2951 561 3026 Auctor
586 2977 673 3026 nonx
689 2952 799 3030 semel
825 2967 882 3028 est
905 2949 1085 3055 professus
1101 3005 1112 3043 ,
1131 2979 1243 3056 quam
1271 2951 1349 3026 aliis
1367 2977 1513 3054 quoque
1537 2950 1687 3050 cupiens
1703 2971 1801 3020 com·

232 3091 420 3185 municare
446 3091 533 3168 haec
558 3095 750 3170 Elementa
777 3093 880 3198 juxta
903 3120 1034 3169 novam
1064 3093 1278 3169 methodum
1306 3093 1515 3167 auditorum
1542 3113 1692 3165 suorum
1718 3086 1799 3160 usui

233 3235 335 3308 tenui
361 3235 518 3309 exaravit
538 3234 693 3327 libello,
724 3235 869 3312 brevius
896 3263 981 3312 sane
1011 3263 1122 3340 quam
1140 3233 1345 3338 Champoll.
1371 3231 1511 3309 fecisset
1530 3285 1540 3321 ,
1559 3256 1685 3307 rerum
1711 3254 1800 3329 pere

235 3373 428 3472 spicuitate
462 3374 711 3467 commodius,
740 3377 927 3452 nonnullis
953 3395 1139 3480 praeterea
1165 3376 1212 3452 de
1238 3403 1303 3450 suo
1330 3372 1481 3476 adjectis
1507 3371 1574 3470 (2).
1603 3369 1797 3472 Cujusmo-

235 3511 275 3587 di
301 3512 447 3589 libellus
473 3540 566 3590 cum.
581 3540 694 3590 manu
721 3516 876 3618 scriptus
894 3515 1126 3591 circumferri
1152 3516 1324 3616 coepisset
1354 3510 1552 3613 fuissetque
1577 3509 1625 3584 ad
1652 3535 1710 3583 me
1736 3509 1800 3586 de

234 3650 360 3745 latus,
388 3652 550 3728 intellexi
574 3655 702 3746 statim,
725 3653 911 3756 vulgatum
938 3655 1036 3731 hunc
1062 3681 1195 3757 magno
1222 3657 1304 3730 usui
1329 3651 1421 3742 fore.
1449 3652 1628 3746 Quocirca
1656 3651 1796 3724 Aucto-

234 3817 406 3895 temper
432 3794 570 3870 litteras
596 3797 775 3885 conreni;
816 3813 859 3871 ut
884 3798 925 3872 in
960 3798 1206 3900 plurimorum
1232 3797 1428 3872 utilitatem
1463 3795 1562 3897 typis
1594 3792 1816 3892 consignari·
1879 3883 1881 3888 Ι

234 3932 324 4032 llaec
353 3938 546 4016 Elementa
572 3951 761 4040 pateretur
787 3941 923 4041 rogari.
964 3940 1113 4017 Minime
1142 3956 1287 4043 gravius
1305 3963 1351 4015 se
1388 3938 1429 4014 id
1458 3937 1595 4014 factum
1634 3937 1798 4012 laturum

243 4279 260 4302 ·’
291 4255 350 4358 (l)
380 4259 481 4338 Vide
508 4260 541 4334 Il
567 4260 718 4334 Sistema
748 4257 967 4361 Geroglilico
993 4259 1053 4335 del
1071 4261 1143 4361 sig.
1158 4261 1243 4336 Cur.
1263 4257 1518 4361 champollion
1535 4257 1563 4331 il
1588 4256 1729 4329 minore
1751 4251 1802 4362 ‘¹²7

237 4381 398 4462 chiarato
427 4382 474 4457 ed
503 4398 645 4485 esposto
675 4382 735 4458 all’
752 4384 983 4484 intelligenza
1009 4383 1057 4458 di·
1077 4385 1163 4460 tutti
1188 4381 1251 4459 del
1276 4385 1429 4459 Dottore
1454 4379 1616 4482 Ippolito
1649 4375 1800 4451 Ruselli·

236 4508 364 4596 ariete.
391 4508 473 4584 Pisa
490 4511 603 4584 4825.
630 4511 681 4601 Et
704 4510 753 4586 Di
780 4493 1118 4586 unsBasso-Ritiero
1139 4511 1312 4610 Egiziano
1340 4509 1439 4597 ¹della
1464 4511 1496 4584 1.
1523 4535 1543 4584 e
1567 4508 1612 4582 R.
1641 4503 1802 4579 Galleria

237 4628 282 4740 di
306 4632 457 4708 Firenze
481 4615 732 4712 Illustrazione
758 4633 819 4711 del
835 4637 937 4711 Dott.
957 4633 1088 4737 lppol..
1105 4636 1280 4733 Rusellini
1304 4635 1350 4716 P.
1362 4631 1568 4712 Professore
1594 4629 1634 4705 di
1658 4628 1799 4730 Lingua

240 4737 418 4828 Orientali
445 4739 541 4832 nella
567 4760 598 4833 1.
625 4784 646 4832 e
671 4761 714 4836 R.
741 4760 949 4836 Universith
964 4759 1004 4834 di
1028 4760 1123 4837 Pisa.
1150 4757 1300 4835 Firenze
1322 4760 1436 4836 t826·

291 4873 347 4974 (2)
360 4880 463 4979 *Ipsi
479 4885 695 4958 inter'alia'
716 4887 870 4963 debetur
895 4885 1024 4960 tabula
1050 4912 1074 4959 a
1095 4882 1225 4984 fronte
1243 4884 1458 4984 paginae'2
1488 4879 1671 4954 collocata
1698 4868 1797 4944 stlte·

188 5011 191 5020 '
236 5013 336 5074 mata
376 5000 541 5104 reserens
568 5005 850 5110 hieroglyphice
888 5023 926 5084 et
949 5007 1168 5096 hieratica,
1206 5003 1306 5078 uude
1337 5029 1411 5084 ses:
1435 5030 1457 5082 e
1481 5001 1633 5106 nuperis
1647 4993 1799 5070 &litteris

237 5127 400 5203 mutuari
426 5141 513 5206 sunt
541 5131 718 5234 aegyptii.
794 5187 795 5190 ,
931 5217 934 5224 λ
1042 5181 1045 5188 ¹
