4432 5986
399 623 401 632 ‘
462 567 482 612 ²³
516 603 519 626 ⁶
550 609 566 622 ·‘
613 529 690 640 -DE
717 525 1018 626 FRAGMEMO
1043 523 1275 616 ἘΗΕΒΑΝΟ
1299 521 1566 614 Jflqssfflm
1592 571 1596 582 ⁸
1625 577 1631 608 „
1661 545 1800 628 m)

760 741 764 750 ⁴
857 740 859 842 ]
1012 787 1199 852 nouum.-

499 1063 502 1070 .
998 1057 999 1062 ι
1474 1069 1477 1074 ,
1556 1041 1578 1070 ,·
1614 1031 1899 1102 *xxm-..¹

344 1051 745 1248 Contzqit
631 1149 733 1244 aitte
752 1162 904 1232 aunum
908 1151 961 1220 et
981 1085 1070 1238 amp
1067 1109 1167 1226 llas,
1194 1148 1248 1208 ut
1263 1091 1463 1208 Libellum
1478 1156 1728 1235 pepyrtltffllm
1749 1138 1879 1234 ΡθΡΓΓ
1879 1173 1898 1214 ι

249 1311 251 1314 .
319 1277 362 1326 ce
388 1259 564 1356 scriptum
590 1253 644 1330 ad
671 1285 728 1332 me
767 1257 932 1360 deferret
957 1259 1130 1354 honestus
1157 1258 1214 1332 sir
1241 1225 1301 1334 Sil
1304 1270 1421 1332 vester
1469 1256 1628 1330 Guidius
1665 1259 1867 1344 Ronanus
1866 1299 1905 1364 ,g

235 1481 241 1492 ⁶
323 1380 389 1476 qui
416 1379 527 1457 illum
554 1381 601 1453 ab
634 1386 834 1487 Aegypto,
874 1388 999 1458 sexies
1023 1387 1105 1494 jam
1131 1410 1156 1460 a
1193 1408 1232 1454 se
1251 1397 1486 1482 peragrata,
1528 1396 1565 1454 et
1595 1405 1670 1481 quo
1697 1367 1924 1478 septimam.v

322 1524 421 1572 nunc
454 1518 569 1600 parat
594 1504 892 1604 prosectionem
932 1508 1125 1580 attulerat.
1154 1507 1269 1578 Hunc
1300 1529 1415 1606 quum
1454 1507 1696 1604 inspexissem
1728 1505 1888 1601 comperi

322 1623 503 1722 reliquias
530 1629 571 1698 in
602 1653 644 1702 eo
678 1635 863 1704 contineri
902 1635 995 1703 satis
1020 1630 1213 1730 amplioris
1237 1629 1400 1727 sylloges
1427 1621 1694 1697 sententiarum
1709 1649 1775 1694 seu
1795 1623 1884 1702 ἀπο-

326 1749 568 1860 φθέγματω(
599 1758 758 1834 thebana
805 1763 965 1835 dialecto
999 1757 1227 1835 tetrasticliis
1259 1771 1454 1829 exaratae.
1484 1755 1622 1840 Folia,
1654 1779 1679 1822 u
1682 1753 1757 1824 ltra
1780 1755 1890 1852 prius

315 1907 412 1978 pene
437 1887 690 1986 deperditum,
708 1901 901 1970 numeravi
927 1897 1098 1969 undecim
1123 1889 1243 1994 quae,
1265 1905 1381 1990 prout
1408 1892 1585 2002 utrinque
1612 1891 1750 1984 scripta
1778 1904 1891 1978 sunt,

317 2005 405 2101 pla
390 2011 496 2081 vulas
520 2019 832 2116 comprehendunt
844 2022 997 2130 ...viginti
1009 2019 1102 2089 duas
1130 2013 1375 2130 longitudinis
1401 2015 1600 2083 unciarum
1625 1995 1663 2082 l.
1666 2008 1703 2080 X.
1732 2024 1769 2080 et
1789 2009 1889 2088 VII.

326 2123 549 2218 latitudinis,
567 2123 849 2212 characteribus
863 2137 1121 2216 accedentibus
1136 2135 1190 2208 ud
1206 2138 1385 2232 eptimam
1406 2129 1581 2228 formam,
1590 2155 1751 2231 quorum
1769 2145 1892 2229 lypum
1930 2174 1941 2190 ’-

325 2245 480 2319 exbibet
505 2255 612 2329 tabul
595 2259 633 2329 la
662 2256 764 2368 insrq
792 2259 928 2360 posita.
958 2247 1066 2328 Male
1093 2254 1205 2350 illum
1143 2255 1414 2376 nmquidem
1404 2269 1507 2368 aetas
1533 2255 1731 2340 multavit3
1760 2259 1892 2341 etenim

319 2385 582 2472 praeterquam
627 2381 798 2452 mutilus
810 2395 866 2450 est
892 2405 921 2450 a
945 2381 1142 2478 principio
1161 2367 1197 2448 el
1230 2403 1253 2447 a
1278 2365 1383 2476 fine,
1413 2375 1457 2447 in
1487 2349 1607 2450 medio
1637 2402 1782 2479 quoque
1807 2377 1892 2450 lzia·

325 2501 385 2558 tus
410 2506 465 2563 est
506 2521 580 2568 non
609 2485 815 2602 minimis,
843 2503 896 2572 ita
921 2501 1078 2610 quidem
1112 2514 1177 2574 ut
1186 2503 1457 2616 sententiarum
1488 2503 1614 2572 series
1652 2527 1675 2570 a
1706 2501 1895 2574 numerali

326 2626 413 2683 uota
432 2617 542 2688 XXI.
570 2605 623 2691 ad
646 2599 829 2700 LXXII.
842 2621 917 2720 fol'
904 2641 953 2693 ra
969 2637 1123 2721 occupet
1149 2647 1258 2706 seu‘3¹
1279 2611 1376 2693 alia
1389 2645 1472 2692 vero
1496 2620 1780 2722 quinquefolio
1806 2648 1892 2695 sen-

326 2739 461 2807 tentias
487 2745 701 2815 contineant
731 2771 753 2816 (ι
770 2745 934 2819 CLIII.
950 2746 1022 2832 ad*
1040 2745 1186 2818 CCXX.
1215 2743 1360 2814 Titulus
1380 2744 1590 2854 proinde
1574 2769 1615 2814 ιιι
1642 2768 1683 2814 eo
1708 2744 1894 2817 desidera-

331 2867 394 2922 tur
421 2861 736 2982 quemadmodum
763 2878 799 2934 et
826 2861 1074 2970 subscriptio
1088 2865 1246 2982 Folia
1231 2887 1309 2970 ipsa
1338 2867 1547 2968 praeterea
1561 2863 1677 2972 ualde
1713 2879 1801 2934 sunt
1825 2865 1891 2934 de-

324 2977 415 3045 'trita
443 2987 488 3047 ut
514 3005 567 3049 nu
569 2973 634 3053 ΓΓΓ
636 2961 750 3080 [bre
752 2977 1049 3094 offendatur
1002 2989 1095 3083 prig
1033 2955 1180 3056 tulela*
1139 3007 1332 3085 astquae
1310 2985 1494 3055 stlterutro
1526 2963 1692 3098 mdrgine
1717 2988 1892 3084 squalore

295 3155 296 3158 ,
326 3121 400 3168 nou
421 3087 560 3198 [uerit
550 3115 702 3252 estse.
724 3105 852 3198 ΝιΓιΓΓ
849 3131 873 3177 o
896 3110 1030 3188 ιιηίιιι(
1055 3121 1166 3180 tauta
1187 3113 1249 3178 est
1281 3105 1464 3188 librorum
1509 3090 1719 3200 hujusmodi
1748 3133 1892 3205 papyro

325 3219 546 3321 scriptorum
573 3197 706 3330 iubpia
724 3223 766 3302 ut
781 3221 879 3302 liic
882 3245 1007 3304 noster
1024 3189 1123 3330 petie
1154 3217 1396 3352 singularis¹
1408 3227 1459 3300 sit
1500 3225 1701 3300 liabendus.
1739 3230 1797 3300 De
1822 3255 1894 3329 quo

321 3343 469 3433 judicat
493 3350 568 3424 Vir
586 3355 799 3451 ¹5omnigena
814 3353 1024 3427 eruditione
1058 3351 1327 3440 Clarissimus,
1347 3353 1656 3451 copticarumque
1683 3352 1905 3454 litterarum·

321 3471 468 3560 peritus
494 3499 604 3573 quam
643 3481 708 3576 qui
739 3480 905 3550 maxime
938 3475 1162 3548 Aemilianus
1201 3476 1337 3547 Sartius
1375 3477 1478 3572 (cui
1511 3477 1623 3547 etiam
1649 3473 1717 3546 ltoc
1745 3477 1892 3546 nomine

332 3589 490 3660 multum
517 3594 626 3667 debeo
666 3597 766 3699 quod
788 3598 882 3672 mibi
911 3602 952 3672 in
978 3598 1102 3670 eodem
1141 3597 1379 3692 dijudicando
1399 3595 1676 3698 praeluserit)
1714 3619 1788 3666 non
1809 3611 1894 3695 post

329 3710 429 3780 VII.
458 3715 525 3784 vel
553 3717 678 3792 VIII.
705 3724 871 3796 seculum
895 3721 1017 3824 fuisse
1043 3735 1243 3796 exaratam
1269 3773 1279 3809 ,
1308 3734 1386 3792 tum
1411 3722 1501 3822 quia
1530 3720 1744 3791 litterarum
1772 3718 1897 3792 linea-

328 3849 449 3906 menta
471 3851 626 3912 aetatem
652 3845 761 3916 illam
787 3848 1006 3936 redoleant,
1035 3860 1113 3918 tum
1143 3846 1231 3945 quia
1257 3845 1423 3915 maxime
1440 3841 1589 3942 Papyri
1617 3864 1706 3912 usus
1730 3863 1804 3911 non
1830 3867 1899 3912 an-

329 3967 386 4027 tea
418 3961 459 4030 in
491 3960 765 4041 desuetudinem
802 3970 940 4044 abierit
967 3996 1078 4072 quam
1109 3953 1305 4067 subjugata
1332 3965 1400 4038 sub
1433 3965 1567 4040 Omaro
1598 3963 1749 4061 Clzalisa
1771 3964 1897 4064 suerit

336 4080 527 4181 Aegyptus
552 4089 670 4161 medio
698 4095 851 4168 circiter
878 4096 1002 4168 seculo
1035 4092 1135 4169 VII.
1168 4090 1291 4189 Quum
1320 4102 1444 4160 autem
1472 4089 1634 4183 ejusdem
1659 4085 1895 4188 apographon

333 4227 356 4272 a
384 4227 441 4274 me
467 4207 693 4282 delineatum
731 4217 853 4286 oculis
889 4215 1120 4309 subjecissem
1147 4212 1438 4283 Eminentissimi
1472 4210 1564 4284 Viri
1601 4211 1743 4282 Aloisii
1780 4211 1896 4280 Lam·

332 4320 529 4421 brusobini
562 4331 674 4404 Card.
703 4331 925 4408 Bibliothec.
953 4333 992 4407 S.
1020 4337 1068 4410 Il.
1096 4335 1140 4411 E.
1167 4334 1234 4432 qui
1259 4355 1300 4402 eo
1329 4345 1488 4431 tempore
1519 4332 1727 4403 Camerarii
1752 4356 1897 4431 quoque

340 4445 535 4542 Dignitate
554 4448 806 4549 fungeretur,
848 4459 882 4527 is
901 4453 1152 4555 fragmentum
1186 4453 1347 4556 plurimi
1369 4451 1586 4549 faciendum
1605 4451 1722 4549 probe
1748 4454 1897 4526 intelle-

333 4567 427 4652 xit3
457 4562 653 4673 (ιαιίιιὶᾳιιε
678 4579 794 4648 coemi
820 4579 923 4650 illud
949 4593 987 4650 et
1024 4581 1065 4650 in
1095 4576 1281 4652 Vaticana
1313 4572 1546 4648 Bibliotheca
1576 4577 1759 4648 asservari
1789 4603 1896 4650 man·

330 4687 450 4761 davit.
478 4693 608 4794 Neque
637 4700 788 4773 interim
813 4701 938 4791 mint,
964 4704 1031 4803 qui
1069 4701 1115 4774 de
1139 4673 1328 4800 excerptis
1354 4722 1407 4770 ex
1435 4699 1506 4772 illo
1551 4698 1702 4769 edendis
1741 4701 1782 4771 iu
1813 4703 1894 4802 fine

334 4810 446 4904 liujus
468 4824 732 4914 grammaticae
758 4826 1075 4926 supplicandam,
1094 4825 1249 4911 abnuit,
1276 4823 1384 4896 immo
1419 4837 1512 4896 uero
1532 4875 1542 4910 ‚
1563 4843 1636 4923 pro
1663 4845 1730 4892 sua
1759 4824 1799 4893 in
1828 4824 1893 4895 lit-

334 4934 427 5004 teris
450 4960 555 5010 omne
576 4967 695 5040 genus
710 4947 898 5040 juvandis
917 4935 1163 5051 propensione
1188 4959 1299 5044 atque
1322 4942 1470 5031 studio‚
1499 4941 1542 5014 id
1559 4956 1710 5040 gratum
1736 4940 1809 5014 sibi
1831 4939 1894 5038 fo*

332 5077 374 5128 re
399 5060 630 5160 significarit
656 5065 794 5169 Itaque
818 5069 1035 5148 tetrasticha
1063 5094 1116 5146 esc
1142 5092 1184 5145 eo
1208 5067 1392 5141 nonnulla
1406 5066 1602 5165 selegimus
1629 5070 1723 5165 quae
1749 5075 1816 5136 aut
1824 5059 1893 5160 [af
