4418 5986
1764 391 1836 464 Vll

508 515 838 606 auorsrus'
865 512 1078 636 utum
1121 514 1605 604 uuolunumus

673 774 850 870 sonans
874 773 1142 844 stantunus
1166 777 1440 872 nouomsusrs

854 1035 1027 1086 nacront
1060 1035 1264 1092 SALUTEM·

849 1326 1263 1376 w

336 1624 576 1816 Equidem,
604 1711 659 1787 vel
686 1713 725 1787 in
752 1711 820 1788 hac
846 1739 959 1790 novae
985 1711 1196 1813 disciplinae
1222 1711 1325 1800 luce,
1345 1701 1417 1816 qua
1451 1726 1612 1784 veterum
1635 1707 1835 1812 Aegyptio-

283 1880 366 1928 rum
385 1825 507 1954 lingua
522 1909 533 1943 ,
547 1855 731 1945 instituta,
758 1880 900 1945 mores,
928 1853 1101 1942 historia,
1127 1853 1372 1927 monumentis
1397 1850 1564 1950 diligenti
1589 1849 1843 1953 obstinatoque

276 1991 401 2068 labore
434 1994 644 2094 vestigatis,
685 1992 841 2068 maximo
868 1994 1100 2068 scientiarum
1135 2017 1229 2093 pene
1268 1991 1432 2066 omnium
1470 1979 1741 2078 incremento,
1764 2015 1849 2090 per·

285 2136 519 2230 funduntur,
545 2166 621 2216 non
648 2139 779 2218 desunt
811 2138 945 2246 quibus
973 2137 1134 2238 copticae
1162 2137 1308 2235 linguae
1345 2134 1508 2212 studium
1547 2158 1850 2234 supervacaneum

286 2281 367 2357 ideo
395 2282 561 2358 videatur
585 2309 659 2360 esse
685 2282 785 2392 quod
812 2309 891 2359 eam
921 2281 1134 2384 degenerem
1159 2279 1321 2380 linguam
1350 2307 1369 2354 e
1392 2279 1507 2378 graeci
1525 2275 1740 2379 arabicique
1757 2273 1850 2349 idio-

281 2439 420 2498 matum
446 2426 598 2500 colluvie
627 2443 745 2502 ortam
772 2425 1003 2517 traducant,
1043 2423 1288 2526 dedignentur
1325 2437 1519 2526 propterea
1546 2419 1698 2496 eandem
1732 2446 1848 2522 aegy-

276 2569 429 2662 ptiacae
464 2569 611 2681 nornine
638 2566 841 2670 designare.
881 2571 1077 2673 Quumque
1116 2566 1241 2642 extis
1273 2531 1443 2640 nonnulli
1482 2564 1673 2640 orientales
1713 2562 1851 2636 litteras

284 2710 431 2784 manuni
456 2707 620 2801 faciant,
647 2713 686 2784 in
713 2711 828 2816 iisque
855 2708 1013 2784 colendis
1051 2708 1141 2783 adeo
1172 2708 1335 2784 sedulam
1375 2706 1591 2808 impendant
1628 2729 1776 2806 operam
1805 2717 1848 2776 ut

286 2849 489 2948 praeclaros
517 2848 685 2928 laborum
710 2875 860 2927 suorum
893 2846 1032 2925 fructus
1059 2847 1248 2951 proferant
1284 2848 1455 2939 indies,
1490 2846 1584 2920 hanc
1620 2871 1732 2945 porro
1774 2841 1849 2914 lin-

283 3012 393 3083 guam
419 3013 466 3060 ne
494 3015 567 3066 uno
593 2990 754 3094 benigno
780 2991 929 3094 quidem
959 2993 1098 3066 intuitu
1132 2991 1281 3092 dignam
1319 2989 1492 3063 hactenus
1519 2987 1779 3062 existimarunt.
1806 2983 1853 3057 Id

287 3153 354 3225 ego
380 3153 485 3230 saepe
512 3154 653 3204 mecum
681 3133 758 3230 ipse
780 3132 1041 3221 considerans,
1068 3157 1188 3233 neque
1214 3128 1323 3203 semel
1351 3153 1434 3201 cum
1463 3127 1549 3200 viris
1576 3123 1720 3215 doctis,
1747 3121 1853 3197 fami·

289 3264 439 3342 liaribus
479 3266 747 3360 sermonibus,
790 3294 1104 3361 commemorans,
1142 3268 1366 3372 deprehendi
1397 3323 1407 3357 ,
1449 3283 1675 3370 anteceptam
1708 3268 1853 3372 opinio·

292 3433 374 3482 nem
403 3407 450 3483 dc
486 3413 644 3484 interitu
680 3414 833 3514 linguae
866 3417 1104 3519 aegyptiacae
1128 3414 1294 3517 partim,
1333 3415 1468 3515 partim
1500 3439 1583 3487 vero
1616 3414 1736 3495 minus
1769 3439 1855 3489 con·

290 3575 417 3648 gruem
449 3552 626 3630 rationem
670 3578 743 3658 qua
783 3550 931 3656 hujusce
956 3553 1150 3630 ¹idiomatis
1188 3556 1358 3660 reliquias
1397 3555 1437 3628 in
1475 3555 1716 3656 grammaticis
1751 3556 1855 3630 insti-

291 3689 495 3765 tutionibus
521 3706 760 3794 pertractatas
783 3692 984 3796 viderent,
1011 3683 1131 3800 pravo
1151 3695 1361 3771 eorumdem
1390 3693 1526 3798 judicio
1544 3695 1751 3798 praebuisse
1776 3721 1856 3774 cau·

295 3857 378 3922 sas,
407 3832 456 3940 ita
486 3833 633 3934 quidem
661 3849 729 3927 ut,
755 3835 786 3909 si
811 3860 832 3909 a
858 3837 1003 3938 primo,
1032 3853 1207 3942 tanquam
1231 3863 1251 3910 a
1278 3865 1318 3913 re
1344 3838 1479 3912 incerta
1499 3890 1509 3926 ,
1528 3813 1765 3912 assensionem
1793 3865 1857 3912 co·

292 3963 454 4049 hiboisse
465 3974 676 4077 praestabat
691 3976 835 4080 utique,
851 3979 993 4054 veniam
1010 3979 1170 4081 aliquam
1192 3981 1365 4081 repetitae
1392 3980 1557 4081 querelae
1574 4005 1615 4054 ex
1628 3980 1741 4054 altero
1764 3982 1857 4082 capi·

294 4127 329 4188 tc
345 4116 479 4190 mereri
498 4116 702 4194 videantur.
728 4119 840 4196 Pauci
869 4122 1052 4197 enimvero
1064 4138 1229 4224 spartam
1255 4120 1351 4197 banc
1368 4118 1595 4195 adornarunt
1614 4150 1625 4210 ς
1655 4121 1719 4223 qui
1737 4135 1858 4195 autem

295 4250 462 4353 ejusdem
476 4257 619 4358 linguae
646 4258 831 4358 ingenium
855 4261 971 4362 probe
987 4261 1180 4351 noverint,
1199 4275 1412 4336 vetustatem
1429 4261 1696 4337 aestimaverint
1714 4284 1858 4360 praece·

292 4395 507 4493 ptionesque
524 4399 572 4472 ad
590 4399 702 4500 ipsius
722 4417 893 4476 naturam
919 4401 1160 4503 conformatas
1186 4402 1406 4478 tradiderint
1431 4399 1636 4500 paucissimi
1662 4399 1859 4470 extiterunt

297 4548 343 4597 ne
363 4528 479 4604 dicam
492 4559 641 4630 prorsus
659 4543 793 4642 nullus.
813 4542 906 4614 Cum
924 4544 1020 4620 enim
1033 4547 1237 4642 primarias
1253 4545 1413 4642 copticos
1431 4541 1575 4612 radices
1591 4535 1857 4636 monosyllabas

296 4688 420 4740 omues
448 4667 495 4742 ad
522 4695 632 4746 unam
659 4675 858 4778 suspicatus
884 4695 975 4752 esset
1013 4693 1119 4752 antea
1149 4704 1282 4752 nemos
1310 4703 1437 4752 omnes
1462 4676 1538 4752 ferc
1575 4677 1722 4751 latuerit
1748 4703 1858 4752 nexus

297 4841 371 4916 quo
398 4816 547 4894 nomina
573 4817 722 4913 verbis,
749 4821 895 4922 articuli
930 4841 966 4900 ct
991 4823 1210 4927 pronomina
1237 4821 1363 4912 iisdem
1401 4819 1608 4913 radicibus,
1648 4845 1689 4895 ac
1715 4823 1777 4896 illa
1803 4822 1860 4909 vie,-

297 4955 416 5030 cissim
446 4961 706 5055 mutinentur,
734 4963 968 5044 derivationis
996 4981 1033 5042 et
1060 4965 1328 5066 compositionis
1355 4966 1432 5064 lege
1457 4979 1664 5056 constanter
1690 4979 1827 5048 servata
1846 4933 1865 5054 ,¹

289 5093 423 5170 mirum
449 5123 523 5175 esse
549 5126 623 5174 non
650 5102 758 5184 debet
784 5105 814 5182 si
841 5109 974 5208 regulis
1001 5105 1088 5183 baec
1114 5103 1293 5206 adstringi
1328 5103 1500 5183 hactenus
1527 5131 1603 5180 non
1629 5116 1863 5207 potuerunts
