4418 5986
348 425 402 498 IV
498 495 526 514 ,

316 544 676 664 'auctoritateque
718 547 1161 661 praestantissimorum
1194 545 1365 633 'tutelae
1415 575 1578 648 novam,
1616 543 1876 666 disciplinam

348 693 655 782 commendare.
686 698 860 784 Etenim
906 727 1040 814 quum
1070 696 1186 800 nulla
1217 693 1438 783 doctorum
1473 699 1620 783 animis
1665 720 1882 813 antecepta

348 843 524 962 hujusce
552 849 748 935 scientiae
777 850 927 934 inesset
957 845 1230 953 informatio,
1276 849 1365 934 sine
1395 879 1477 964 qua
1513 873 1591 935 nec
1635 849 1885 954 existimari,

349 1028 428 1085 nec
475 1001 648 1116 quaen,
694 1030 771 1085 nec
816 1001 993 1111 intelligi
1022 981 1328 1114 Aegyptiorum
1371 989 1645 1087 monumenta
1679 1023 1882 1114 possunt:

274 1179 279 1186 ·
350 1151 508 1268 quippe
538 1174 759 1259 auctores,
791 1155 864 1269 qui
893 1153 1174 1273 superioribus
1220 1151 1423 1239 aetatibus
1452 1147 1613 1268 aliquid
1643 1149 1706 1239 ¹de
1735 1151 1888 1268 hujus-

349 1298 465 1387 modi
494 1304 814 1428 antiquitatibus
858 1277 1163 1418 protulerant,
1202 1304 1259 1390 ita
1289 1326 1409 1390 erant
1437 1307 1692 1421 comparati,
1738 1328 1786 1392 ut
1821 1338 1888 1393 eas

349 1455 556 1568 praesenti
585 1454 663 1541 hac
693 1457 788 1542 luce
833 1452 1046 1541 donandas
1092 1487 1146 1543 ne
1191 1458 1395 1572 suspicari
1430 1454 1602 1574 quidem
1630 1459 1889 1572 potuerint;

351 1606 481 1724 aliqui
510 1605 684 1694 fuerunt
703 1611 812 1695 inter
841 1639 916 1694 nos
945 1605 1097 1728 (quod
1128 1611 1195 1695 Tu
1226 1611 1427 1696 Pauracsrs
1456 1610 1783 1696 Eurunurrssrun
1804 1599 1890 1694 miss

355 1759 468 1844 nime
498 1755 701 1875 ignoras)
732 1782 774 1847 et
803 1756 917 1874 apud
946 1781 1104 1846 exteros
1135 1762 1210 1876 qui
1247 1790 1345 1845 cum
1379 1761 1739 1872 investigationem
1768 1757 1893 1848 vide-

351 1933 446 1998 rent
489 1942 565 2025 per
594 1942 637 1998 se
666 1907 882 1998 difficilem
927 1942 1046 2019 esse,
1090 1912 1309 2029 veterique
1345 1912 1534 2028 opinioni
1571 1908 1890 2020 adversantem,

351 2061 488 2149 studia
519 2067 606 2180 ipsa
641 2089 870 2182 coeperunt
900 2066 1068 2153 inimice
1098 2066 1302 2153 insectari.
1325 2065 1440 2152 Bella
1470 2063 1595 2179 hujus
1616 2068 1776 2186 generis
1799 2069 1893 2151 ani-

349 2219 411 2302 mi
441 2219 503 2304 tui
534 2222 808 2305 constantiam
838 2249 1105 2337 nequaquam
1135 2216 1368 2329 fregerunt,
1399 2246 1449 2301 eo
1479 2245 1662 2331 namque
1692 2239 1753 2301 est
1777 2221 1892 2304 veri-

352 2371 447 2453 tatis
477 2400 618 2455 amore
663 2373 826 2462 animus
856 2392 954 2454 tuus
982 2366 1228 2483 praeditus,
1276 2390 1355 2476 ut,
1401 2369 1435 2451 sl
1465 2365 1604 2483 aliqua
1641 2365 1892 2480 perobscura

355 2522 541 2636 quaestio
580 2517 804 2626 inciderit,
835 2519 1057 2605 hominum
1087 2517 1253 2628 ingenia
1283 2545 1369 2602 non
1400 2513 1599 2603 deterreri
1629 2537 1702 2600 aut
1732 2514 1893 2600 obtun-

354 2666 432 2776 di,
462 2698 612 2758 verum
648 2671 815 2756 excitari
846 2671 1056 2784 acuiquc,
1102 2665 1154 2750 ad
1185 2664 1228 2750 id
1259 2663 1375 2783 quod
1402 2697 1551 2760 verum
1580 2667 1635 2750 sit
1665 2697 1892 2783 assequen-

353 2817 486 2926 dum,
518 2842 737 2936 oportere,
767 2850 930 2935 semper
960 2819 1179 2906 censueris.
1212 2815 1355 2925 Quare
1384 2818 1461 2925 iis,
1491 2817 1566 2935 qui
1596 2813 1649 2901 ad
1678 2814 1786 2900 hauc
1816 2813 1889 2900 di-

354 2972 573 3086 sciplinam
603 2969 872 3060 excolendam
902 2975 1009 3062 vires
1046 2969 1342 3076 contulerant,
1375 2969 1534 3054 animos
1564 2963 1791 3075 addidisti,
1822 2965 1892 3054 fo-

352 3126 450 3212 visti
495 3123 689 3232 labores,
735 3121 917 3211 subsidia
947 3127 1098 3240 parasti
1128 3119 1227 3239 (r),
1259 3143 1308 3206 ut
1336 3144 1411 3206 tuo
1456 3150 1627 3239 quoque
1661 3121 1894 3234 patrocinio

355 3276 609 3390 optimarum
638 3279 820 3386 artium,
852 3274 968 3394 quod
999 3277 1182 3365 universi
1227 3278 1272 3359 in
1302 3272 1381 3358 hac
1410 3271 1518 3357 alma
1547 3271 1668 3355 Urbe
1707 3265 1893 3353 latentur

354 3460 441 3516 esse
468 3433 697 3516 maximum
718 3494 731 3540 ,
749 3427 950 3516 debeatur
968 3493 979 3536 ,
999 3425 1255 3513 doctioribus
1273 3455 1348 3536 per
1378 3423 1540 3506 ltaliam
1561 3481 1574 3524 ,
1592 3439 1634 3504 et
1663 3439 1775 3503 extra
1805 3447 1891 3502 non

356 3579 410 3666 ad
439 3585 682 3698 opinionem
712 3583 919 3696 amplius,
952 3577 1024 3665 sed
1044 3576 1098 3664 ad
1116 3581 1336 3666 veritatem
1364 3571 1488 3686 plane
1507 3599 1749 3685 persuasum
1781 3598 1896 3652 nunc
1971 3685 1983 3688 ..

359 3731 405 3819 id
435 3765 549 3842 esse,
581 3759 773 3820 naturam
803 3735 1033 3846 scripturae
1053 3722 1388 3841 hieroglyphicas
1419 3720 1545 3807 talem
1574 3717 1769 3835 probari,
1792 3748 1899 3836 qua-

362 3886 412 3972 lis
442 3887 495 3972 ab
511 3888 670 4004 Equite
687 3883 1026 3999 Champollionio
1056 3899 1284 3965 monstrata
1314 3872 1451 3961 suerit.
1470 3872 1584 3957 Vicit
1604 3900 1701 3983 ergo
1730 3871 1899 3983 sapien·
1950 3857 1959 3920 J

359 4039 418 4123 tia
448 4059 554 4145 tua,
586 4069 668 4154 qua
689 4037 757 4126 vel
793 4037 837 4120 in
865 4036 953 4149 ipso
989 4053 1106 4118 aestu
1131 4029 1246 4116 illius
1283 4015 1506 4143 acerrimae
1535 4021 1813 4108 contentionis
1830 4021 1902 4104 in-

360 4191 574 4303 telligebas
593 4186 696 4293 fore,
720 4210 768 4272 ut
796 4192 1036 4302 opinionum
1067 4202 1300 4271 commento
1328 4179 1485 4265 deleret
1512 4175 1602 4263 dies
1624 4203 1742 4283 ,rem
1771 4171 1903 4287 probe

360 4339 632 4461 dijudicatam
652 4343 933 4457 confirmaret.
967 4337 1082 4423 Haec
1099 4365 1169 4422 me
1190 4333 1353 4420 hortata
1373 4352 1473 4416 sunt
1490 4392 1503 4437 ,
1519 4351 1568 4413 ut
1587 4326 1683 4412 Tres
1703 4326 1905 4413 Parncsas

404 4721 448 4801 (ι)
470 4714 639 4782 Maximam
662 4715 787 4808 Aegypti
801 4697 1031 4800 Descriptiones
1054 4707 1149 4798 regiis
1174 4703 1354 4795 sumptibus
1377 4697 1506 4768 Parisiis
1529 4696 1714 4766 adornatam
1737 4693 1894 4770 sexdecim

363 4827 572 4905 tabularum,
597 4847 678 4915 quae
709 4821 929 4916 splendissime
957 4820 1131 4888 delineatae
1154 4827 1259 4895 sunt,
1282 4810 1499 4890 voluminibus
1524 4805 1784 4897 comprehensam
1802 4830 1822 4888 ²:
1839 4801 1896 4925 de·

362 4957 432 5004 cem
456 4947 617 5026 praeterea
632 4935 796 5021 volumina
819 4935 853 5000 in
877 4933 931 5000 fol.
957 4931 1170 4999 enarrationes
1194 4923 1376 4994 exhibentia
1401 4936 1497 5010 atque
1519 4912 1764 5010 commentarios
1792 4929 1897 4997 aegrae

363 5045 554 5116 Academiae
580 5045 615 5110 in
637 5069 690 5136 eas
714 5043 838 5124 tabulas
855 5039 964 5134 ,Opus
987 5041 1099 5108 merito
1123 5040 1159 5103 in·
1180 5059 1216 5103 re
1238 5029 1491 5122 bibliographioa
1513 5027 1639 5091 aderam
1658 5017 1836 5142 miraculum
1848 5020 1903 5104 Or·
2016 5065 2019 5070 .

362 5158 405 5228 bis
427 5143 675 5253 appellandum,
694 5156 777 5224 Bibl.
799 5153 973 5232 Vaticanae
997 5153 1081 5222 dono
1105 5145 1191 5223 dedit
1214 5141 1430 5218 studiosorum
1452 5132 1668 5208 commoditati
1690 5143 1894 5222 prospiciens
