4418 5986
349 433 408 508 X.

349 563 398 636 sic
426 564 522 637 onim
550 586 617 636 uox
637 559 744 664 glu‘pt
781 561 836 636 vel
859 559 972 665 gbept
1005 562 1044 636 in
1081 559 1232 637 arabum
1263 587 1324 638 ore
1359 561 1462 640 sonat
1489 562 1752 670 aliquantisper
1783 591 1921 644 como-³

349 719 412 807 1³²³
447 705 528 803 (r).
597 717 600 735 ·

364 885 366 892 v
402 846 499 920 llaec
525 845 575 919 ita
601 870 675 920 esse
701 871 815 948 quum
844 845 1065 947 apertissime
1090 859 1241 945 pateat,
1270 848 1388 921 nervis
1416 847 1585 922 omnibus
1612 848 1910 924 contendendum

350 987 494 1064 videtur
521 1003 665 1062 utnon
681 986 791 1063 modo
818 986 864 1062 ab
891 989 1042 1062 interitu
1069 988 1156 1061 haec
1183 989 1306 1086 lingua
1334 987 1652 1082 vindicetur,'sed
1677 1006 1718 1064 ut
1737 989 1910 1064 illustrio-

352 1132 384 1208 ri
412 1132 490 1204 loco
517 1129 717 1219 habeatur,
745 1145 869 1204 nostra
897 1128 963 1204 bac
1002 1144 1117 1202 aetate
1144 1131 1381 1228 praesertim,
1419 1155 1513 1232 quae
1540 1128 1786 1232 superioribus
1833 1156 1910 1202 non

357 1272 421 1348 illa
439 1271 588 1375 quidem
614 1270 832 1374 philologiae
858 1269 979 1344 studio
1004 1267 1141 1370 major,
1163 1295 1287 1344 verum
1315 1271 1423 1344 etiam
1450 1268 1661 1345 honoratior
1680 1269 1798 1342 multo
1824 1269 1919 1344 vide·

356 1414 389 1489 ri
416 1414 506 1488 vult.
534 1412 718 1516 Equidem
756 1413 922 1486 novimus
960 1409 1123 1486 floruisse
1154 1413 1324 1487 anteactis
1359 1414 1521 1513 proxime
1558 1415 1684 1488 seculis
1716 1421 1772 1495 vel
1821 1423 1922 1498 inter

356 1551 533 1613 nostrates
558 1539 653 1614 viros
678 1536 819 1639 aliquos
844 1535 1021 1609 memoria
1048 1533 1177 1634 dignos
1203 1535 1243 1607 in
1273 1561 1432 1636 quorum
1458 1551 1617 1612 mentem
1648 1567 1756 1633 cum,
1783 1533 1832 1618 'ne
1856 1543 1918 1616 di·

352 1660 512 1750 vinando
539 1658 712 1762 quidem,
739 1658 859 1736 venire
897 1682 974 1730 non
1001 1671 1122 1758 posset
1150 1656 1208 1729 cui
1234 1672 1271 1731 et
1298 1673 1435 1760 quanto
1467 1661 1547 1732 usui
1576 1665 1735 1762 copticae
1767 1665 1912 1764 linguae
1958 1729 1959 1734 ,

356 1801 517 1878 studium
544 1800 710 1877 futurum
739 1815 841 1891 erat,
869 1813 912 1871 ut
945 1825 1044 1872 nune
1071 1814 1150 1888 est,
1179 1795 1341 1901 ejusdem
1373 1814 1493 1874 tamen
1523 1804 1763 1904 proprietates
1788 1859 1799 1896 ‚
1821 1833 1917 1908 quo·
2043 1825 2044 1828 ’

360 1943 408 2018 ad
436 1943 563 2036 licuit,
591 1944 801 2050 persequuti
819 1957 905 2018 sunt
924 1997 936 2036 ,
955 1940 1167 2045 regulasque
1184 1943 1367 2018 communi
1394 1944 1544 2020 utilitati
1570 1945 1815 2044 digesserunt;
1830 1947 1920 2023 Kir-

352 2084 501 2162 cherum
531 2089 570 2162 in
598 2089 640 2162 iis
660 2095 912 2165 ‘commemoro
937 2087 1003 2189 qui
1029 2087 1194 2162 omnium
1227 2087 1331 2186 prior
1357 2082 1507 2160 fortasse
1532 2090 1732 2162 Primitiae
1758 2091 1912 2188 linguae

257 2211 259 2218 ,
357 2231 529 2333 Copticae
557 2236 632 2310 sive
655 2235 909 2339 Aegyptiacae
934 2233 1111 2332 antiquae
1140 2226 1280 2316 edidit,
1307 2240 1344 2299 et
1368 2224 1437 2298 sub
1464 2225 1534 2299 boc
1560 2227 1666 2302 titulo
1701 2229 1758 2302 sin
1796 2230 1919 2302 minus

354 2370 582 2472 perfectam,
601 2373 856 2450 adumbratam
883 2372 1012 2448 saltem
1037 2367 1193 2470 protulit
1219 2367 1503 2464 grammaticam.
1530 2367 1624 2442 Huic
1654 2382 1834 2469 quantum
1853 2367 1921 2440 dc-

355 2511 469 2590 beant
496 2517 724 2619 aegyptiacae,
747 2519 886 2594 litterae
924 2511 1024 2614 apud
1066 2509 1181 2614 justos
1207 2536 1330 2584 rerum
1360 2512 1602 2586 aestimatores
1628 2511 1742 2586 Scala
1780 2535 1913 2610 magno

358 2673 536 2758 perpetuo
564 2657 767 2739 testabitur.
796 2662 865 2735 Sua
892 2691 1038 2767 quoque
1064 2666 1143 2741 laus
1169 2681 1223 2740 est
1248 2659 1368 2736 Tulsio
1396 2655 1555 2756 copticae
1587 2653 1839 2751 grammaticae
1866 2651 1918 2725 ob

356 2795 603 2900 exemplorum
629 2802 768 2905 copiam
798 2807 1124 2907 praestantissimae
1156 2801 1344 2906 Scriptori.
1372 2795 1472 2892 Quid
1498 2791 1649 2870 Woides
1681 2808 1718 2867 et
1745 2793 1797 2864 La
1825 2791 1920 2866 Cro·

221 2929 225 2946 '
357 2936 465 3042 zius?
492 2939 532 3014 id
559 2957 713 3046 uterque
738 2948 921 3048 praestitit
950 2973 1024 3052 quo
1055 2947 1174 3030 risseio
1191 2970 1239 3020 an
1266 2938 1423 3046 quilibet
1451 2936 1541 3012 alius
1560 2960 1628 3036 pro
1657 2957 1698 3006 ea
1727 2946 1924 3031 tempesta·

358 3096 395 3158 te
420 3085 548 3164 mellus
574 3084 698 3165 fuisset
724 3093 975 3192 praestiturus.
1017 3093 1062 3168 In
1092 3094 1244 3168 istorum
1289 3082 1419 3160 laudis*
1434 3093 1575 3184 partem
1616 3078 1829 3150 Elementis·
1848 3074 1924 3146 suis

359 3228 535 3320 concinna
566 3229 742 3309 brevitate
782 3235 974 3312 elaboratis
1014 3236 1128 3310 uenit¹
1147 3231 1327 3332 Didymus
1352 3220 1597 3296 Taurinensis.
1641 3219 1738 3291 Bene
1778 3216 1824 3289 (le
1863 3241 1927 3288 co·

359 3367 465 3467 pticis
492 3369 623 3444 litteris
649 3375 879 3452 meritusest
906 3401 1053 3480 quoque
1079 3374 1298 3477 Bonjourius
1337 3360 1501 3466 quamvis
1528 3358 1655 3436 doctae
1682 3357 1794 3456 ipsius
1820 3352 1925 3424 lucu·

361 3503 547 3584 brutiones
572 3512 739 3589 nondum
765 3516 883 3592 lucem
927 3505 1140 3618 aspexerint.
1179 3507 1461 3599 Iablonslsium‚
1505 3503 1688 3604 Ignatium
1730 3493 1927 3579 Rossium,

366 3645 522 3743 Zoegam
550 3649 751 3729 cultoribus
777 3658 908 3758 coptici
948 3643 1122 3731 sermonis
1161 3653 1327 3754 apprime
1358 3646 1485 3724 charos
1510 3658 1711 3745 postremos
1749 3629 1929 3732 appellet

362 3781 402 3858 hi
428 3812 497 3890 pro
525 3792 732 3896 eorundem
751 3797 894 3898 ingenio
922 3813 1066 3871 tantam
1091 3795 1254 3894 linguam
1281 3789 1377 3864 hanc
1406 3789 1489 3863 luce
1514 3757 1699 3858 donarunt
1725 3785 1863 3876 quantu
1888 3768 1929 3840 in

364 3926 426 4006 illa
453 3929 699 4010 subsidiorum
711 3947 713 3950 ’
727 3939 850 4046 inopia
877 3936 1149 4044 expectandum
1167 3960 1244 4010 non
1271 3947 1361 4008 erat.
1387 3931 1439 4004 Et
1455 3927 1494 4002 hi
1512 3923 1661 4029 quidem
1685 3915 1848 4023 ejusdem
1865 3911 1932 3986 lin·

361 4091 454 4166 guae·
480 4098 563 4150 cum
588 4092 775 4178 ¹uetustate
801 4097 880 4158 tum
910 4081 1089 4182 dignitate
1115 4075 1305 4182 permoti,
1333 4097 1444 4176 mam
1466 4071 1512 4160 ,in
1542 4065 1641 4141 MSS.
1668 4059 1846 4172 editisque
1873 4077 1932 4126 co-

365 4206 509 4317 dicibus
535 4221 790 4298 tantummodo
814 4222 983 4300 admirati
1007 4237 1156 4311 essent,
1182 4217 1348 4294 eximiam
1374 4235 1522 4315 operam
1549 4231 1651 4282 suam
1676 4199 1794 4278 eidem
1820 4215 1929 4268 nava·

367 4370 469 4434 tunt.
497 4358 636 4450 Verum
662 4364 755 4467 quid
782 4389 857 4452 sarrs¹
873 4363 1003 4448 facere,
1017 4349 1122 4444 decet
1158 4359 1294 4466 quibus
1323 4383 1421 4432 nunc
1446 4362 1681 4428 monumenta
1708 4347 1786 4444 ipsa
1820 4357 1936 4412 manu

367 4511 527 4575 veterum
554 4507 806 4610 aegyptiorum
832 4508 1036 4610 conscripta
1062 4503 1224 4582 subsidio
1250 4501 1401 4578 veniunt
1421 4521 1443 4586 ·,
1475 4493 1576 4586 uude
1612 4487 1831 4594 peculiarem
1864 4479 1938 4553 tin-

375 4707 1899 4750 Μ

421 4875 478 4976 (l)
503 4882 558 4954 Ea
574 4884 622 4956 de
645 4911 688 4957 re
713 4891 754 4959 in
785 4895 835 4963 iis
863 4889 976 4966 libris
992 4891 1111 4989 pluro
1135 4883 1224 4960 sunt
1247 4881 1421 4979 exposito
1445 4897 1537 4973 quos
1566 4871 1715 4942 Auctor
1737 4873 1862 4933 noster
1886 4853 1935 4923 dc

370 4999 614 5094 Monumentis
641 5007 798 5110 Aegypti
825 5026 864 5085 ct
889 5009 1033 5086 Nubiae
1047 5007 1275 5093 conscribit,
1300 4999 1382 5074 vol.
1402 4999 1439 5067 2.
1465 4992 1589 5092 pomis
1600 4971 1937 5087 primm-2964

371 5143 411 5202 et
434 5131 504 5206 vot.
530 5133 569 5205 2.
600 5137 783 5216 secundae
799 5140 926 5238 partis
947 5159 1038 5236 pag.
1065 5131 1129 5202 ut.
1262 5195 1263 5198 ,
