4418 5986
1640 427 1699 501 IX'

131 595 198 646 nec
232 593 310 643 non·
335 564 487 642 aliarum
514 561 686 638 orationis
712 558 874 662 partium
902 569 995 662 'quae
1020 569 1131 658 prout
1163 557 1202 630 in
1224 553 1412 632 'codicibus
1439 552 1543 630 obvia
1561 567 1694 640 sunt,

128 714 179 802 sic
206 709 475 812 hieroglyphice
502 706 747 806 inscriptura
774 704 1027 805 exprimuntur
1053 731 1065 790 ς
1094 717 1130 777 et
1157 701 1251 777 hanc
1278 701 1467 776 fortuitam
1503 724 1579 774 non
1619 729 1703 800 esse

133 869 212 928 turn
238 850 400 955 ejusdem
425 847 660 952 frequentia,
688 862 767 921 tum
798 845 969 920 orationis
1001 847 1137 935 series,
1185 869 1340 947 quacum
1379 844 1550 944 imagines
1576 845 1694 947 pictae

132 997 188 1070 vel
213 997 376 1095 sculptae
402 995 638 1095 conspirant,
666 989 883 1094 jamdudum
910 1005 1102 1065 suaserunt
1127 991 1436 1092 illispreesertim
1472 989 1536 1092 q'ui
1562 993 1698 1066 Monu-

132 1151 339 1211 mentorum
373 1137 413 1209 in
440 1138 606 1237 Aegypto
633 1133 752 1206 adhuc
778 1133 1014 1235 superstitum
1045 1133 1324 1234 Explanationes
1356 1133 1479 1208 studio
1505 1148 1541 1209 et
1567 1132 1693 1208 labore

134 1281 302 1355 Auctoris
328 1275 478 1382 hujusce
516 1277 768 1378 grammaticae
808 1273 1035 1364 elucubratas
1062 1275 1187 1348 sedulo
1223 1276 1514 1375 pervolutarunt.
1559 1277 1689 1379 Itaque

86 1501 89 1508 A
132 1420 162 1496 si
189 1421 337 1494 nomina
364 1419 540 1523 quaedam
567 1443 588 1491 a
618 1419 772 1521 pristina
798 1413 915 1489 forma
938 1415 1199 1517 aliquantisper
1225 1414 1386 1504 deflexa,
1413 1417 1555 1519 aliaque
1581 1416 1695 1516 longo

134 1559 338 1666 seculorum
376 1560 480 1662 lapsu
515 1557 801 1647 obsolescentia,
824 1555 919 1657 “ipsa
951 1557 1162 1658 praesertim
1202 1555 1470 1658 hieroglyphice
1512 1554 1696 1632 scribendi
1721 1569 1754 1574 ’”

133 1699 274 1774 ratione
289 1699 497 1806 „oleastrum
525 1722 572 1771 ne
602 1698 726 1796 lingua
758 1697 798 1768 in
825 1694 933 1768 aliam
968 1692 1112 1786 abiret,
1146 1721 1187 1770 ex
1215 1723 1290 1797 quo
1318 1695 1488 1771 nonnihil
1517 1696 1698 1772 discrimiss

133 1842 190 1915 nis
217 1813 341 1942 postea
369 1833 466 1913 inter
492 1863 629 1914 sacram
671 1839 929 1941 vulgaremque
955 1833 1150 1912 dialectum
1187 1865 1256 1942 par
1284 1855 1338 1915 est
1378 1841 1639 1932 intercessisse,
1666 1839 1698 1912 si

132 1977 251 2071 haec,
278 1982 454 2084 inquam,
482 1979 683 2080 prudenter
708 1977 1012 2082 judicaverimus,
1030 1980 1182 2054 eandem
1209 2007 1282 2056 esse
1308 1980 1504 2084 utrobique
1529 1979 1695 2079 linguans

132 2105 188 2195 ab,
210 2123 310 2197 omni
337 2121 380 2196 fit
403 2120 632 2196 dubitatione
657 2135 839 2195 remotum
867 2121 950 2222 (l);
978 2138 1087 2223 atquc
1113 2119 1194 2224 jure
1221 2123 1370 2224 quidem
1397 2124 1499 2198 illam
1525 2122 1595 2197 sibi
1629 2149 1697 2197 ae·

129 2268 282 2365 gyptiae
304 2265 638 2340 nomenvindicarc
664 2255 864 2337 concedent
890 2265 1024 2337 ornnes.
1052 2262 1098 2336 Id
1124 2264 1154 2337 si
1180 2289 1221 2338 cx
1247 2262 1352 2338 dictis
1379 2290 1453 2338 non
1480 2262 1585 2338 facile
1610 2287 1697 2337 con·
1782 2347 1784 2354 ,
1823 2363 1824 2366 ¹

137 2408 240 2506 sequi
265 2408 416 2481 morosis
442 2405 591 2482 sortasse
617 2408 825 2498 videretur,
852 2405 900 2479 ad
927 2420 1080 2505 etymon
1100 2405 1180 2480 illos
1206 2407 1390 2505 pervagati
1417 2403 1516 2508 apud
1544 2431 1610 2480 nos
1634 2431 1697 2478 no·

141 2543 250 2620 minis
275 2563 398 2649 coptos
423 2571 682 2647 provocarem,
712 2545 803 2651 quid
839 2546 935 2620 enim
963 2544 1064 2620 ahud
1103 2560 1156 2620 cst
1184 2559 1306 2652 coptos
1333 2569 1452 2648 quam¹
1477 2537 1697 2647 aegyptius?

134 2991 210 3049 uua
235 2979 382 3077 adoicta
404 2984 576 3058 inuenies
604 2986 733 3060 iisdem
757 2986 978 3061 nominibus·
1007 2988 1051 3064 Si
1075 2989 1159 3087 quis
1182 2988 1351 3090 inquirat
1375 3009 1492 3088 quare
1510 2982 1696 3086 hierogly·'

132 3117 247 3218 phica
275 3121 460 3220 scriptura
491 3125 648 3198 humani
676 3128 781 3224 digiti
818 3129 1001 3202 schemate
1025 3127 1090 3214 rho
1113 3126 1288 3242 μυριάδα
1318 3143 1597 3228 repraesentet,
1632 3151 1695 3201 co-

131 3259 276 3357 pticum
304 3257 458 3332 lexicon
489 3255 632 3332 docebit
673 3271 814 3329 tantam
838 3283 939 3331 rruac
969 3283 1046 3332 esse
1084 3259 1367 3332 similitudinem
1396 3262 1496 3334 inter
1527 3257 1692 3357 sormam

134 3381 241 3471 uocis
268 3379 371 3460 'rdd-
403 3381 423 3469 sl
449 3371 590 3494 pepedi
617 3434 629 3471 ,
652 3393 692 3451 et
716 3379 814 3458 Tttss
842 3379 976 3479 digitus
1011 3397 1153 3484 quanta
1175 3379 1388 3479 suit'olim.

185 3515 335 3615 (ttAd
356 3542 435 3593 rem
461 3538 581 3588 noeam
613 3515 753 3591 Milliu
783 3515 998 3592 scribebat=
1028 3525 1053 3562 “
1081 3519 1121 3590 la
1146 3518 1282 3618 langue
1308 3533 1411 3622 capte
1438 3541 1611 3592 conserve
1632 3541 1697 3590 err·

128 3687 154 3725 „
180 3660 266 3710 core
290 3639 383 3713 dans
412 3664 478 3713 soa
504 3636 662 3739 systema
682 3643 945 3740 grammatical
963 3644 1158 3742 plusieurs
1183 3645 1315 3717 truites
1339 3643 1385 3716 de
1419 3643 1459 3716 la
1485 3640 1692 3742 physicac-

129 3808 157 3846 ,‚
183 3762 256 3830 mie
274 3785 413 3861 propre
433 3765 457 3835 ὰ
487 3787 540 3836 un
559 3763 693 3838 idiome
717 3768 784 3868 qui
813 3762 909 3839 s'est
934 3766 1157 3870 long-temps
1183 3766 1278 3842 e'crit
1303 3791 1351 3840 en
1371 3765 1582 3860 caracteres
1608 3764 1695 3840 hic'·

131 3928 157 3982 ‚,
184 3881 458 3984 roglyphiques.
486 3938 514 3976 „
539 3887 700 3986 Magasin
730 3889 1037 3992 encyclopddique
1070 3893 1182 3965 ⁴808·
1210 3893 1282 3966 vol.
1319 3891 1356 3965 4.
1380 3915 1466 3992 pag.
1497 3890 1588 3962 255.
1616 3913 1692 3992 seq.
1740 3913 1745 3923 ·

128 4001 235 4073 Idem
253 4001 465 4104 affirmatas
489 4007 699 4108 Stephanus
715 4009 960 4114 Quaereme're
980 4012 1199 4089 Recherches
1222 4015 1395 4118 critiques
1413 4028 1451 4088 et
1476 4011 1697 4116 historiques

131 4130 195 4242 sur
229 4123 265 4198 la
290 4125 420 4225 langue
436 4141 472 4200 et
498 4128 534 4201 la
564 4128 768 4208 litterature
792 4135 839 4210 de
869 4135 1039 4240 l'Egypte
1061 4139 1163 4240 apud
1186 4139 1409 4214 Silvestrum
1432 4137 1479 4211 de
1500 4137 1601 4240 Sacy
1622 4136 1697 4210 No-

129 4247 199 4322 tice
224 4265 294 4324 etc·
324 4249 510 4351 Quamvis
534 4267 657 4324 autem
680 4259 898 4356 argumenta
928 4288 951 4334 a
978 4261 1134 4337 Clarias.
1159 4260 1482 4339 Schlciermacher
1511 4261 1566 4335 De
1596 4256 1696 4334 l'in-

127 4366 267 4446 fluence
295 4371 342 4448 de
368 4369 549 4447 l'dcriturs
574 4397 637 4447 sur
660 4375 694 4449 le
719 4377 870 4480 langage
897 4410 985 4484 pag.
1005 4384 1069 4458 39.
1095 4411 1171 4489 seq.
1199 4375 1363 4486 probare
1386 4385 1613 4460 contendant
1624 4409 1695 4480 pe-

131 4490 314 4565 culiarem
339 4494 500 4568 indolem
528 4498 693 4596 copticae
710 4501 862 4610 linguae
885 4531 910 4577 a
936 4505 1216 4607 hieroglyphice
1243 4509 1428 4604 scriptura
1455 4501 1692 4602 repetendam

126 4632 205 4726 non
230 4636 333 4706 esse,
368 4613 460 4689 haec
479 4641 637 4718 prorsus
671 4619 773 4694 nihil
798 4625 982 4699 adversus
1008 4651 1126 4699 meam
1164 4628 1384 4699 senteruiam
1418 4624 1567 4728 efficere
1589 4623 1696 4698 arbi·

124 4745 233 4824 tror,
259 4741 327 4838 qui
352 4763 469 4813 unum
494 4741 564 4816 hoc
587 4735 899 4843 propugnandum
925 4752 1132 4838 existimo,
1158 4771 1255 4851 quae
1288 4743 1570 4849 hieroglyphice
1594 4753 1694 4824 scri-

119 4869 191 4952 pta
217 4859 395 4958 leguntur
433 4865 487 4936 ita
513 4869 716 4964 convenire
756 4890 841 4968 erun
869 4886 1007 4946 notura
1036 4873 1172 4975 coptici
1199 4874 1376 4948 sermonis
1406 4872 1590 4948 librorum
1626 4877 1694 4976 qui

108 4980 169 5062 ,tn
200 4981 372 5094 marthus
397 4991 536 5062 nostris
562 5006 757 5102 versantur
775 5009 856 5096 ,ut
883 4994 1083 5094 disparitas
1102 4999 1307 5099 praecipua
1334 4994 1619 5102 orthographiae
1645 5000 1696 5072 sit

123 5115 164 5175 et
189 5117 419 5212 praxeos,
437 5110 591 5213 linguae
619 5139 711 5193 uero
739 5115 846 5220 longe
871 5120 1004 5206 minor.
1157 5203 1158 5208 ,
1183 5205 1184 5208 ,

1259 5223 1316 5340 's
