4418 5986
1783 421 1841 502 XI

274 588 364 668 guae
392 567 496 638 usum
525 613 536 648 ,
564 553 756 632 vorborum
784 553 1043 656 proprietatem
1070 551 1211 653 aliaque
1237 549 1353 625 multa
1380 549 1427 624 ad
1454 551 1723 649 grammaticam
1757 579 1842 662 apo,

278 706 416 782 stantia
443 701 589 776 haurire
628 693 822 772 valemus?
850 693 1015 794 exempla
1051 690 1253 766 istiusmodi
1278 706 1391 793 prout
1418 689 1602 797 lapidibus
1640 693 1840 800 inscripta,

169 893 172 912 .
277 844 409 919 certius
436 868 503 916 nos
530 864 637 942 quam
666 861 759 942 quae
785 833 920 908 chartis
947 833 1154 930 consignata
1197 830 1347 912 fuerunt
1379 831 1527 908 edocere
1564 849 1753 938 possuntt
1794 833 1841 914 alr

278 983 334 1060 his
362 1001 425 1060 aut
452 981 609 1060 traditae
636 977 710 1081 jam
737 975 990 1077 grammaticae
1025 975 1119 1072 leges
1147 972 1370 1063 firmantur,
1398 989 1461 1051 aut
1487 976 1580 1078 ratio
1608 973 1714 1054 uobis
1739 973 1842 1078 judi-

281 1125 387 1202 candi
413 1123 670 1228 suppeditatur
699 1122 744 1195 de
773 1117 928 1224 pristino
955 1115 1129 1240 loquendi
1160 1143 1227 1192 usu
1243 1167 1265 1208 ,κ
1281 1133 1435 1193 veterem
1459 1118 1615 1224 proinde
1650 1118 1841 1200 conferen-

282 1266 320 1340 di
347 1290 429 1340 cum
455 1262 636 1368 praesenti
666 1262 810 1360 linguae
836 1260 1045 1338 conditione
1077 1258 1118 1350 id
1156 1258 1258 1360 quod
1284 1251 1331 1334 ad
1367 1257 1578 1360 hujusmodi
1619 1262 1842 1344 litteraturae

279 1406 543 1480 incrementum
578 1399 725 1503 majoris
752 1415 806 1474 est
832 1402 1008 1478 momenti
1034 1423 1145 1506 quam
1171 1399 1299 1500 exequi
1326 1397 1444 1474 verbis
1471 1401 1598 1501 possit,
1626 1403 1772 1494 Quanta
1799 1421 1851 1510 ‘ex'

280 1542 337 1616 his
364 1543 565 1644 superiores
592 1541 645 1616 illi
673 1541 740 1615 viri
767 1539 891 1630 docti,
920 1565 1010 1643 quos
1038 1539 1339 1629 commemoravi,
1357 1540 1502 1639 penitus
1530 1540 1744 1640 ignorarunt
1768 1567 1845 1624 non

282 1686 389 1787 culpa
417 1683 607 1759 hominum
635 1683 699 1760 sed
739 1685 865 1760 aetatis
895 1678 907 1762 l
953 1703 1028 1790 quo
1059 1685 1173 1784 magis
1200 1681 1293 1760 illud
1332 1708 1457 1760 rerum
1493 1709 1571 1760 esse
1603 1682 1843 1796 deprenditur

279 1825 447 1904 dictum:

1009 1958 1096 2049 οὔδ’
1125 1959 1203 2078 ἄρα
1232 1996 1320 2058 more
1348 1961 1390 2052 iv

471 2117 508 2202 ir
537 2115 708 2202 ociareoo’
742 2114 893 2230 ἔργοισι
921 2113 1095 2227 δαήμονα
1127 2118 1235 2217 cotra
1265 2116 1454 2230 γενέσθαι
1484 2122 1536 2224 (1)

280 2267 452 2341 Nondum
478 2267 575 2341 enim
602 2263 686 2341 felix
713 2266 923 2370 faustusque
951 2265 1026 2342 dies
1054 2265 1285 2365 (faustissimi
1312 2269 1493 2347 enimvero
1514 2272 1644 2346 ominis
1674 2298 1752 2348 non
1777 2277 1844 2352 uui

274 2409 509 2484 vscientiarum
537 2409 660 2506 generi
686 2408 803 2482 extitit
829 2407 906 2483 dies
933 2407 1026 2509 ille)
1054 2407 1249 2500 illuxerat,
1277 2411 1341 2515 qui
1374 2403 1572 2510 praesentis
1598 2413 1707 2488 seculi
1739 2415 1845 2493 initio

282 2549 374 2622 vices
401 2546 673 2650 'quodammodo
699 2549 919 2654 nuperrimis
951 2549 1105 2628 eruditis
1138 2549 1308 2653 rependit
1347 2549 1515 2626 laborum
1538 2566 1653 2654 ,atque
1689 2555 1846 2656 inquisi-

279 2692 450 2782 tionum,
478 2717 571 2800 quae
598 2691 825 2791 superiorum
848 2691 997 2790 'ingenia
1029 2707 1145 2794 ,atque
1171 2707 1321 2771 conatus
1346 2691 1490 2772 tamdiu
1527 2691 1756 2790 fefellerant,
1781 2721 1846 2774 ,ar-

279 2855 412 2910 canum
436 2832 689 2938 patefaciendo
714 2831 984 2938 hiroglyplricae
1009 2835 1223 2938 scripturae.

330 2975 428 3052 Cum
454 2975 567 3072 igitur
592 2999 684 3047 nora
701 2971 854 3050 scientia
886 2975 1033 3074 ingenia
1064 3001 1224 3054 exercere
1258 2976 1433 3078 coepisset
1455 2979 1603 3056 Clariss.
1632 3003 1721 3079 prae
1748 2993 1845 3055 cete-

266 3112 332 3184 ris
359 3112 506 3212 Equitis
531 3114 660 3184 Franc.
698 3112 952 3212 Champollion
982 3087 1118 3215 (cujus
1150 3118 1337 3192 interitum
1371 3142 1449 3192 non
1489 3119 1565 3206 sine
1605 3105 1770 3196 ,moerore
1795 3147 1847 3196 re

282 3277 365 3325 rum
394 3253 686 3353 aegyptiacarum
710 3252 865 3326 cultores
891 3253 1138 3355 memorant),
1158 3256 1186 3328 is
1213 3271 1321 3348 tunc,
1342 3257 1573 3362 quilittcras
1591 3258 1749 3359 copticas
1767 3286 1843 3336 non

129 3423 131 3430 s
230 3399 233 3406 ”
281 3393 392 3467 modo
422 3391 679 3494 perfectissime
706 3394 880 3485 calleret,
908 3421 1032 3474 rerum
1056 3403 1096 3470 et
1118 3397 1291 3499 ejusdem
1323 3401 1471 3502 linguae
1509 3416 1678 3477 naturam
1714 3429 1846 3506 perae*

281 3537 444 3636 stigasset
464 3536 697 3626 acutissime,
729 3559 846 3615 norae
873 3535 967 3613 lucis
992 3563 1062 3644 ope
1097 3537 1191 3614 hanc
1223 3559 1243 3614 e
1269 3539 1527 3645 monosyllabis
1554 3542 1700 3618 uocibus
1731 3545 1847 3618 undis

281 3703 353 3778 que
379 3683 543 3760 conmara
558 3677 760 3783 comperiit.
789 3680 982 3753 Inventum
1004 3706 1116 3758 ¹suum
1142 3682 1249 3757 latius
1273 3683 1407 3760 exinde
1433 3682 1726 3789 hieroglyphicas
1757 3689 1846 3761 scri·
1888 3735 1892 3744 ·

279 3835 411 3920 pturae
433 3822 615 3912 contulit,
639 3799 810 3924 felicique
833 3821 1031 3898 admodum
1057 3851 1221 3900 successu
1246 3839 1363 3900 cetera
1385 3827 1605 3925 excogitatae
1623 3827 1735 3902 aeteri
1766 3824 1845 3902 for·
1967 3875 1970 3900 1

279 3991 359 4041 mae
385 3966 603 4068 respondere
616 3964 887 4046 animadvertit.
916 3965 1043 4072 Neque
1058 3967 1157 4046 enirn
1183 3968 1223 4044 id
1236 3987 1340 4046 secus
1366 3970 1525 4048 accidere
1541 3987 1711 4075 poterat;
1727 3999 1844 4080 quum

281 4112 381 4184 enim
405 4111 572 4188 omniun
590 4111 737 4214 ..primus
760 4109 939 4214 captiuam
963 4108 1264 4218 lingrmm,.quae
1291 4111 1399 4212 uulgo
1418 4111 1630 4215 appellatur.
1648 4111 1777 4203 ,..suh‚.
1790 4128 1845 4188 tot

186 4255 187 4258 ’
281 4252 401 4327 secula
432 4252 568 4334 frustra
581 4258 754 4350 tentatis,
778 4255 1062 4362 hieroglyphicis
1078 4262 1195 4362 signis
1214 4259 1330 4336 latere
1350 4253 1631 4332 demonstrasset
1645 4251 1703 4354 (2)
1721 4307 1733 4344 ,
1752 4277 1845 4330 nova

281 4395 409 4468 exinde
435 4397 593 4498 copricae
614 4398 761 4503 linguae
788 4418 940 4478 naturae
969 4403 1207 4506 primigeniae
1234 4399 1467 4476 confirmatio¹
1483 4397 1645 4470 ,accessit
1674 4393 1842 4468 Innotuit

283 4547 431 4625 ergoet
467 4559 539 4630 qua
570 4534 615 4608 de
641 4563 745 4610 causa
769 4539 945 4618 haetenus
966 4505 1096 4616 editae
1131 4538 1387 4640 grammaticae
1418 4559 1438 4605 a
1468 4529 1688 4632 perfectione
1719 4543 1844 4604 tanto-

282 4694 370 4771 pere
396 4669 608 4792 distarent,
631 4689 669 4749 et
696 4699 808 4784 quarn
834 4675 1072 4783 imposterum
1108 4679 1203 4752 viam
1231 4689 1321 4750 esset
1347 4669 1588 4746 insistendum
1624 4669 1673 4747 ad
1694 4667 1844 4749 absolu·

335 5017 994 5118 (a).1aaarx111.oro.su.'
1173 5047 1186 5056 ³
1234 5045 1243 5078 ··
1341 5021 1371 5114 ,“

337 5141 395 5244 (2)
421 5143 546 5223 Precis
573 5143 626 5221 du
653 5145 814 5248 Systime
841 5145 1002 5252 Hierogl.
1035 5147 1121 5250 Cap
1141 5152 1370 5252 praesertim·
1385 5145 1435 5225 V.
1535 5181 1537 5186 ·

1527 5264 1553 5313 4
