4418 5986
1778 477 1815 557 V

268 607 616 712 Eutuuurrsuun,
646 630 935 719 nuncuparem
964 600 1157 692 libellum
1187 630 1315 720 quem
1344 599 1454 717 typis
1485 595 1699 689 edendum
1729 631 1811 722 cu·-

272 760 393 865 ravi,
425 761 584 876 quique
611 755 817 843 elementa
847 756 1141 871 complectitur
1173 758 1345 878 linguae
1378 755 1669 876 Aegyptiacae
1713 753 1816 846 vul-

273 935 325 1018 go
356 906 585 1019 Copdme,
616 909 736 1021 cujus
766 905 966 1025 reliquiae
1011 909 1056 990 111
1086 906 1356 992 translatione
1392 903 1592 992 Thebana
1627 936 1816 1020 praesen-

277 1060 355 1142 tim
384 1080 427 1143 et
455 1056 728 1172 Memphitica
759 1056 1073 1144 Canonicorum
1102 1057 1415 1164 11111111.
1448 1057 1706 1144 Testamenti
1735 1090 1812 1142 su-

271 1231 459 1324 persunt.
492 1209 583 1296 Hae
613 1240 798 1329 namque
828 1241 927 1298 eum
956 1209 1144 1299 indolem
1174 1214 1375 1297 sermonis
1402 1212 1673 1299 vetustissimi
1702 1213 1814 1298 illius

272 1359 420 1474 populi
449 1384 685 1472 testantur,
715 1385 810 1451 tum
837 1363 951 1454 viam
980 1360 1034 1448 ad
1063 1364 1319 1478 Aegyptiace
1349 1384 1637 1449 monumenta,
1652 1363 1815 1448 intelli-

275 1508 411 1624 genda
454 1540 645 1628 parant,
692 1514 1001 1635 conseruntque
1051 1513 1103 1601 ad
1149 1514 1381 1603 eorundem
1426 1501 1815 1631 interpretationem

170 1727 173 1734 -
275 1669 592 1782 quammaxime.
623 1671 776 1790 quue
821 1671 904 1756 tuis
933 1671 1062 1783 magis
1092 1672 1282 1786 auspiciis
1320 1673 1365 1754 iu
1400 1662 1555 1757 lucem'
1585 1666 1813 1755 emittenda

273 1837 361 1900 erat
389 1822 654 1928 grammatica
684 1823 973 1938 Aegyptiam,
1005 1818 1120 1942 quod
1149 1822 1283 1907 multa
1312 1824 1358 1905 in
1394 1853 1441 1908 ea
1471 1850 1579 1910 nova
1609 1814 1811 1906 methodo

271 1988 444 2053 tractata
475 1971 773 2081 inveniantur,
805 2006 914 2092 quae
957 2005 1055 2059 cum
1085 2006 1108 2058 a
1151 1976 1252 2063 viris
1281 1975 1400 2060 navis
1429 1973 1642 2084 ingeniose
1672 1992 1839 2056 notata¹

272 2113 431 2206 fuerint
449 2185 461 2227 ‚
493 2119 762 2243 dilucideque
792 2127 974 2241 exposita
991 2190 1003 2233 ,
1020 2122 1181 2246 ⁸studiis
1203 2192 1215 2233 ‚
1247 2125 1402 2242 quibus
1433 2124 1499 2209 Tu
1528 2153 1670 2238 praees
1691 2184 1703 2227 ,
1721 2151 1816 2204 am·-

272 2267 507 2383 plificandis
537 2278 581 2359 in
613 2275 689 2363 hac
718 2265 831 2365 sacra
859 2279 1034 2366 Ditione
1068 2282 1254 2395 apprime
1284 2279 1431 2365 utilem
1460 2276 1547 2363 fore
1591 2279 1813 2361 autumant

274 2419 427 2507 eruditi
455 2426 536 2512 viri
566 2433 877 2547 quamplurimi.

331 2573 516 2686 Benigne
546 2581 672 2690 igitur
702 2581 818 2700 quod
847 2582 978 2673 offero
1008 2583 1229 2694 admittas,
1259 2615 1435 2701 precor3
1466 2605 1509 2670 et
1536 2612 1605 2669 me
1634 2604 1809 2669 tenuem
1936 2635 1938 2640 .

274 2717 516 2835 homiuem,
548 2728 621 2816 sed
657 2734 752 2823 Tuu
783 2737 981 2830 Patucnes
1010 2739 1375 2848 Eulaeusque,
1407 2732 1734 2824 addictissimmn
1764 2736 1809 2818 in

275 2871 510 2967 clientelam
539 2889 712 3004 suscipe.
