4432 5986
367 407 507 638 :optor
534 525 668 610 αὐτοῦ.
692 520 844 613 Isa.l,lr.
862 519 958 596 Haec
975 532 1098 597 tamen
1113 499 1313 594 contmctio
1327 509 1756 592 minmeeontmdenda
1773 525 1827 594 est
1844 539 1930 596 cum

374 710 400 750 ‚,
429 657 689 762 tertiajplural.
708 683 838 776 comm·
851 662 1051 761 praeteriti
1066 658 1252 762 indefiniti
1277 667 1346 739 &r
1364 654 1444 746 illi,
1461 655 1544 731 illae
1560 652 1715 731 fuerunt
1733 704 1759 745 „
1780 705 1791 727 .

368 911 369 914 ’
422 903 460 974 6.
473 904 676 978 Elementa
702 887 897 1004 praecipua
932 901 1104 980 Verbum
1139 903 1409 980 substantivum
1450 902 1659 976 aurilinre·
1673 893 1931 973 constituentia

368 1037 462 1098 sunt
478 1024 696 1125 pronomina
722 1023 899 1123 simplicia
915 1019 931 1099 l
948 1047 1012 1122 ego
1029 1075 1039 1111 ,
1063 1046 1093 1099 κ
1112 1042 1156 1096 tu
1179 1053 1256 1113 m.‚
1275 1046 1303 1104 e
1320 1041 1362 1100 tu
1379 1023 1406 1098 l.
1423 1079 1434 1115 ‚
1453 1044 1485 1127 q
1505 1025 1598 1112 ille,
1619 1042 1646 1100 c
1665 1022 1763 1110 itta,
1788 1039 1821 1099 n
1838 1043 1930 1110 nos,

369 1165 466 1226 ‘tert
478 1172 566 1236 sos,
586 1166 650 1226 ot
669 1147 758 1236 illi,
778 1147 896 1236 illae,
925 1144 1063 1247 quippe
1089 1169 1184 1247 quae
1201 1170 1395 1248 personam
1412 1144 1521 1219 simul
1538 1169 1651 1245 genus
1668 1165 1935 1243 numerumque

369 1266 573 1368 designant.
1113 1293 1116 1300 ·
1304 1289 1307 1294 ·
1647 1287 1649 1292 ·

321 1397 327 1406 “
386 1393 459 1473 ῃῒ.
491 1393 597 1468 Hisce
629 1390 910 1493 pronominibus
941 1390 1081 1491 itaque‘
1099 1389 1354 1490 praefiguntur
1387 1405 1595 1493 temporum
1627 1387 1934 1464 characteristicon

370 1526 505 1605 ως,
534 1531 620 1605 rte,
648 1528 730 1595 nt..
749 1513 886 1586 Verum
902 1511 976 1600 illa,
993 1509 1109 1586 dictae
1136 1512 1406 1612 compositionis
1432 1513 1572 1612 gratia,
1591 1511 1750 1614 aliquam
1777 1508 1936 1585 subcunt

349 1638 610 1712 *mutationem
627 1658 687 1724 re
704 1635 1020 1736 namque‘transit
1049 1633 1088 1708 in
1119 1654 1178 1742 pe
1208 1633 1466 1736 memphitico,
1498 1636 1538 1708 in
1559 1629 1593 1740 p
1610 1659 1715 1734 saepe
1744 1631 1935 1723 thebaica,

372 1756 777 1850 bascbmurice'in'het
795 1751 864 1838 ‘rh
890 1772 928 1831 et
949 1776 1045 1838 'tert
1074 1770 1239 1832 mutatur
1269 1758 1309 1831 in
1326 1751 1453 1868 perir
1479 1773 1521 1832 et.
1540 1775 1720 1868 pe't'ettt
1738 1775 1803 1836 οτ-
1833 1758 1873 1830 in
1902 1775 1937 1836 'r

372 1881 499 1980 quavis
518 1871 740 1956 indialecto.
865 1881 871 1890 “
1436 1899 1438 1904 ’

426 2003 464 2075 8.
488 2002 596 2097 Quod
614 2004 643 2078 si
672 2003 818 2080 tandem
836 2002 961 2078 cadem
979 2002 1198 2103 pronomina
1216 2002 1423 2104 copulanda
1440 2005 1516 2078 sint
1532 2001 1752 2107 quibusdam
1778 2001 1937 2106 conjun-

350 2123 573 2214 actionibus,
592 2139 655 2198 aut
678 2126 786 2201 alicui
811 2125 961 2200 illarum
987 2124 1190 2200 dictionum
1221 2151 1316 2228 quae
1344 2127 1450 2200 variis
1482 2124 1708 2226 temporibus
1737 2123 1938 2226 formandis

375 2248 596 2322 usuveniunt
620 2250 658 2322 in
697 2251 838 2350 coptica
868 2249 1013 2347 lingua,
1039 2261 1133 2330 tunc
1160 2246 1372 2322 eorumdem
1397 2246 1592 2346 pristinam
1618 2245 1772 2321 sormam
1799 2271 1936 2321 reassu-

375 2384 507 2458 mam,
526 2388 782 2474 praeterquam
801 2383 900 2472 rego
920 2371 1021 2472 quod
1038 2372 1077 2444 in
1097 2385 1132 2450 t.
1150 2371 1316 2444 uertitur.
1943 2365 1946 2374 ’

429 2489 466 2562 9.
493 2492 714 2566 Pronomina
734 2492 910 2592 simplicia
937 2490 1003 2563 hac
1020 2493 1160 2565 rationo
1178 2490 1375 2590 composita
1392 2514 1538 2565 sensum
1556 2489 1763 2566 existentiae
1780 2515 1863 2564 cum
1881 2514 1937 2565 re·

377 2626 503 2710 spectu
530 2610 577 2684 ad
595 2611 744 2715 aliquod
762 2610 1010 2713 praedicatum
1027 2609 1305 2686 indeterminate
1322 2626 1509 2713 sumptum
1535 2636 1624 2713 prae
1649 2637 1686 2686 se
1711 2610 1845 2689 ferunt.
1864 2613 1941 2713 Age

377 2757 488 2824 vero,
516 2733 615 2810 etde
631 2734 803 2812 methodo
828 2732 1049 2810 efformandi
1075 2737 1116 2808 in
1142 2749 1226 2808 actu
1252 2749 1418 2838 tempora
1445 2763 1516 2838 pro
1540 2736 1649 2824 ¹trariis
1666 2735 1783 2814 modis
1810 2736 1942 2837 singilf

366 2851 479 2956 datim
507 2881 665 2958 agamus.

727 3071 786 3146 De
812 3072 940 3148 Medis
969 3070 1091 3150 Verbi
1114 3070 1336 3147 substantivi
1372 3073 1593 3149 auxiliaris.

1094 3286 1124 3376 S.
1158 3283 1223 3358 IV.

435 3481 469 3551 l.
496 3451 626 3596 hlodus
651 3483 884 3558 Indicativus
911 3496 1074 3582 tempora
1094 3483 1280 3582 primaria
1308 3479 1428 3554 omnia
1460 3480 1735 3582 complectitur,
1767 3503 1833 3555 nec
1864 3505 1938 3556 non

380 3595 521 3696 aliquot
547 3627 566 3673 e
596 3603 821 3703 temporibus
849 3606 1082 3704 conpositis,
1112 3603 1260 3701 primo,
1285 3627 1354 3703 per
1381 3628 1506 3678 vocem
1533 3623 1592 3683 tte
1619 3601 1942 3677 characteristicam

373 3723 583 3816 praesentis
607 3729 827 3816 anterioris,
854 3724 1037 3813 secundo,
1069 3749 1137 3826 per
1154 3748 1276 3799 rocem
1296 3738 1365 3805 stt.
1384 3723 1706 3800 characteristicum
1723 3722 1839 3797 futuri
1850 3750 1944 3822 pro·

377 3835 479 3911 xinli
495 3865 558 3914 seu
577 3844 778 3944 definitiui.
806 3848 933 3923 Cetera
951 3845 1136 3921 indicativi
1163 3862 1326 3946 tempora
1344 3873 1364 3921 e
1382 3843 1700 3946 conjunctionibus
1727 3858 1835 3952 atque
1852 3870 1943 3944 pro-

379 3957 589 4039 nominibus
618 3965 866 4068 simplicibus,
894 3968 1107 4044 adveniente
1125 3966 1247 4042 Verbo
1266 3971 1453 4069 prinmrio
1477 3986 1566 4058 sse,
1593 3957 1809 4041 coalescunt.

433 4084 473 4156 2.
501 4085 762 4182 Subjunctivus
789 4087 924 4182 habet,
943 4089 1089 4192 primo,
1108 4103 1272 4194 tempora
1290 4088 1478 4164 indicativi·
1487 4093 1674 4190 primaria
1695 4104 1732 4164 et
1747 4093 1943 4189 composita

379 4203 569 4303 particulis
581 4208 958 4314 affectaconjunctivis
976 4231 1053 4305 ετ,
1067 4208 1135 4296 lut·
1151 4228 1194 4286 ut
1208 4268 1218 4303 ‚
1232 4237 1388 4316 quarum
1400 4238 1470 4313 ope
1489 4211 1616 4288 eadem
1633 4228 1795 4313 tempora
1814 4234 1944 4284 novam

380 4329 575 4432 acquirunt
592 4337 852 4437 acceptionem;
880 4336 1051 4428 secundo,
1070 4351 1234 4437 tempora
1252 4339 1448 4438 composita
1465 4334 1779 4436 epronominibus
1806 4334 1945 4432 simpli-

381 4448 483 4526 cibus
510 4481 602 4556 quae
632 4456 747 4532 Verbi
770 4457 989 4561 quibusdam
1008 4456 1134 4534 formis
1152 4455 1251 4556 affigi
1269 4457 1397 4532 solent.
1794 4471 1795 4474 ’

302 4562 309 4570 ’
413 4619 417 4636 ·
438 4579 474 4650 3.
503 4579 633 4655 Modus
651 4580 922 4682 lippotbeticus
947 4608 968 4656 a
996 4578 1220 4684 temporibus
1233 4577 1464 4682 ‘simplicibus
1478 4582 1712 4657 constituitur
1728 4595 1948 4682 ‚praeeunte

381 4714 449 4774 aut
478 4719 650 4804 sequente
681 4730 753 4780 una
771 4731 812 4780 er
842 4703 899 4782 his
926 4702 1398 4806 conjunctionibustgtdtt,
1426 4718 1620 4814 ΘΡΨΜῙ,
1639 4709 1788 4785 estest.

395 4819 400 4826 ’
436 4821 474 4890 lt.
503 4821 556 4896 De
572 4811 803 4926 Imperativo
829 4842 866 4900 et
891 4829 1084 4928 Infinitive
1114 4821 1209 4897 infra
1228 4823 1407 4922 agendum
1425 4827 1440 4924 (
1452 4824 1682 4925 paragrapho
1694 4826 1824 4928 XI..)'.¹
1841 4824 1948 4896 Nunc

379 4937 431 5011 de
457 4939 720 5046 compositione
742 4963 949 5051 temporum
975 4945 1113 5022 formae
1140 4946 1335 5049 primariae
1351 4943 1578 5046 affirmantis
1599 4945 1712 5022 Verbi
1728 4947 1949 5024 substantivi

380 5068 606 5144 auxiliaris.
1580 5087 1581 5090 ’
1817 5093 1819 5096 ·
