4418 5986
363 389 539 616 tldld'uam
566 511 673 588 ceteri
701 507 840 587 soleant
866 501 1126 614 Lexicograpbi
1144 509 1184 610 ,)
1211 524 1321 616 atque
1355 510 1503 588 Tattam
1530 511 1585 614 (1)
1613 513 1752 619 aliquid
1778 513 1930 621 profeci,

361 652 570 755 calculoque
593 679 657 727 suo
683 653 898 729 Rusellinius
924 649 1107 754 probavit.

420 796 530 891 Quod
556 823 670 870 unum
711 795 756 870 de
784 796 825 870 iis
853 821 944 901 quae
974 793 1164 899 praefandi
1204 795 1421 872 occasionem
1458 794 1707 897 praebuerunt
1744 796 1927 900 reliquum

362 955 441 1030 est,
470 964 555 1012 usus
586 963 716 1038 nempe
743 951 853 1040 atque
878 937 1016 1014 utilitas
1045 935 1334 1039 compendiariae
1362 935 1514 1044 hujusce
1551 939 1805 1036 grammaticae
1833 937 1923 1028 ‚sic
1952 1037 1954 1042 Δ

361 1106 426 1178 ego
454 1079 641 1168 existimo,
669 1078 809 1151 nullam
841 1079 947 1152 aliam
975 1079 1070 1155 viam
1102 1103 1174 1152 esse
1212 1078 1405 1156 tenendam
1432 1079 1503 1154 illis
1535 1081 1599 1182 qui
1627 1107 1694 1179 per
1726 1079 1927 1181 Aegyptia-

360 1231 439 1295 cam
457 1222 582 1296 Sacrae
607 1221 812 1322 scripturae
836 1221 1036 1302 versionem
1050 1219 1193 1318 linguae
1217 1215 1327 1320 hujus
1344 1219 1530 1319 ingenium
1548 1245 1694 1296 noscere
1712 1222 1922 1314 instituunt,

360 1376 404 1434 ut
423 1363 601 1437 rationem
628 1361 755 1436 exinde
782 1367 892 1463 qua'e
916 1387 1042 1459 graeco
1068 1359 1169 1442 sonte
1188 1361 1310 1440 divina
1343 1360 1486 1463 eloquia
1513 1362 1552 1436 in
1580 1366 1828 1464 aegyptiacum
1855 1393 1925 1442 ser·

359 1529 506 1578 monem
532 1519 729 1575 manarunt
752 1499 867 1602 probe
896 1502 1039 1582 valeant
1067 1501 1291 1593 existimare,
1317 1498 1568 1610 judiciumque
1594 1502 1688 1580 serre
1720 1504 1766 1578 de
1794 1507 1918 1606 pristi-

362 1670 410 1717 na
438 1645 643 1739 conditione
672 1642 908 1726 Alexandrini
933 1659 1050 1725 textus
1076 1670 1153 1719 non
1183 1646 1224 1717 in
1254 1671 1383 1742 genere
1414 1644 1554 1736 modo,
1596 1670 1721 1720 rerum
1757 1661 1793 1719 et
1818 1645 1919 1748 juxta

368 1783 484 1856 varias
502 1809 594 1884 quae
613 1782 651 1855 in
666 1783 834 1895 Aegypto
859 1784 1081 1892 recensiones
1109 1781 1355 1876 obtinuerant,
1375 1811 1532 1888 quarum
1549 1785 1696 1890 quidem
1716 1787 1925 1866 luculentis-

365 1923 447 1995 simi
462 1940 567 2000 testes
583 1941 700 2012 essent
714 1928 904 2018 versiones,
918 1928 1096 2035 siquidem
1122 1928 1247 2038 plures
1264 1930 1338 2004 sint
1363 1929 1618 2010 existimandae
1632 1928 1685 2030 (2)
1701 1985 1711 2020 ‚
1731 1955 1825 2031 quae
1850 1955 1920 2038 pro
2015 1973 2018 1984 ·

360 2041 596 2151 dialectorum
618 2069 790 2152 uarietate
802 2069 917 2148 varias
935 2069 1040 2148 nobis
1053 2070 1170 2169 graeci
1187 2085 1304 2152 textus
1317 2069 1485 2152 lectiones
1503 2071 1682 2144 sisterent.
1702 2067 1839 2150 Notitia
1858 2070 1926 2141 ita·

359 2233 431 2308 que
457 2205 607 2308 hujusce¹
620 2209 765 2308 linguae
778 2237 892 2314 usque
909 2238 950 2292 co
969 2212 1164 2304 necessaria
1180 2212 1307 2292 Sacrae
1325 2209 1475 2286 Critices
1493 2209 1653 2288 studioso
1666 2197 1820 2300 critsut,
1835 2209 1927 2309 quin
2056 2231 2058 2234 ’

359 2345 446 2420 haec
464 2345 665 2447 fragmenta
691 2353 850 2452 copticae
876 2351 1048 2426 versionis
1074 2350 1263 2440 consulat,
1291 2349 1470 2432 variarum
1497 2374 1705 2447 graecarum
1728 2347 1925 2428 lectionum

358 2483 497 2587 justum
522 2491 702 2575 delectum
722 2459 856 2568 babere
874 2519 949 2566 non
976 2494 1102 2594 possit.
1131 2493 1428 2594 Experimentum
1463 2493 1502 2564 in
1534 2489 1602 2564 hoc
1628 2514 1758 2588 genere
1788 2488 1925 2588 optime

361 2630 465 2716 cessit
481 2631 665 2717 Fridcrico
679 2635 825 2707 Miinter
843 2633 896 2732 (3)
923 2651 960 2708 et
987 2637 1079 2734 Aug.
1108 2635 1152 2708 A.
1181 2635 1336 2733 ,Georgio
1350 2633 1406 2733 (Ιι)
1428 2656 1585 2734 quorum
1603 2628 1798 2732 specimina
1824 2625 1927 2702 facile

367 2772 479 2852 cuiuis
495 2773 694 2852 ostendunt
720 2791 898 2882 quantum
911 2747 1059 2862 roboris*
1071 2778 1110 2862 in
1131 2790 1228 2860 recto
1246 2801 1314 2856 usu
1339 2774 1471 2858 horum
1487 2753 1773 2878 fragnaentorum
1792 2770 1841 2850 ,sit
1859 2794 1928 2876 pro

363 2912 569 2996 Catholicae
594 2917 772 2998 Ecclesiae
805 2919 1035 3020 dogmatibus
1062 2920 1219 3005 tuendis.
1248 2923 1303 2994 Ex
1329 2919 1434 3000 dictis
1460 2916 1618 3030 denique
1644 2929 1814 3004 constat,
1843 2913 1924 2986 illos

247 3147 249 3158 .
358 3054 423 3155 qui
445 3058 608 3145 animum
623 3058 801 3162 adjiciunt
817 3062 1058 3163 intelligendis
1071 3063 1378 3165 explanandisquc
1396 3059 1642 3144 vetustissimis
1661 3056 1926 3168 Aegyptiorum

262 3303 266 3310 ι
313 3187 314 3190 “
358 3201 603 3288 monumentis
630 3169 791 3306 copticae
815 3207 1071 3304 grammaticae
1096 3169 1309 3309 liujusmodi
1335 3204 1498 3282 subsidio
1525 3203 1675 3284 omnino
1699 3224 1819 3280 carere
1844 3223 1922 3270 non

357 3363 460 3436 posse
491 3343 570 3443 (5).
598 3345 711 3419 Utere
739 3345 876 3445 igitur,
903 3347 1077 3434 benevole
1103 3350 1245 3438 lector,
1274 3363 1491 3448 nostrosque
1527 3346 1566 3424 in
1594 3363 1823 3414 communem
1849 3335 1926 3410 uti-

358 3480 498 3564 litatem
527 3483 658 3562 libenti
683 3485 805 3559 animo
834 3483 1017 3589 impensos
1044 3487 1185 3562 labores
1206 3487 1316 3588 ,aequi
1344 3484 1508 3584 bonique
1534 3478 1602 3554 fac.
1631 3477 1733 3553 Vale.

415 3877 582 3980 (l.)ch
606 3897 751 3984 aegypt.
770 3883 834 3957 lat
852 3873 989 3956 oxonii
1019 3881 1133 3965 1835.

410 4001 449 4102 (2
451 4001 465 4100 )
491 4004 594 4078 Num
620 4033 696 4080 una
723 4007 921 4109 eademque
947 4008 1063 4078 sitin
1092 4003 1212 4078 tribus
1237 4001 1410 4086 dialectis
1440 3998 1600 4076 'l'bonsl
1597 3999 1687 4092 tio,
1712 4019 1765 4074 an
1790 3993 1920 4070 motai·

251 4225 254 4230 .
350 4128 475 4227 pleat,
502 4131 665 4205 nondum
691 4137 889 4233 explorate
914 4131 1008 4204 milri
1033 4133 1218 4232 cognitum
1244 4143 1310 4200 est.
1465 4203 1469 4210 ,

246 4239 247 4242 ¹
406 4253 676 4368 (3)Specimen
718 4256 937 4338 Versionum
973 4183 1132 4340 Danielis
1175 4249 1411 4363 copticarum.
1455 4247 1593 4326 Romae
1633 4185 1748 4322 1786.
1790 4239 1923 4340 cs.ibi

348 4383 438 4478 pag.
461 4379 521 4458 15
555 4395 630 4453 not.
650 4375 730 4480 (1).

362 4509 367 4516 ’
406 4499 461 4600 (la)
487 4499 750 4602 Fragmentum
790 4503 975 4604 Evangelii
1020 4504 1057 4576 S.
1091 4498 1271 4586 *Johannis
1319 4488 1804 4604 graeco-copto·thebaicum
1843 4510 1920 4574 sac·

360 4624 433 4696 culi
456 4626 520 4708 IV.
548 4627 681 4703 Romae
710 4628 823 4712 1789.

409 4747 463 4845 (5)
490 4749 697 4829 Indorum
719 4760 883 4854 gratiam
901 4755 1169 4860 gramnmtr'cae
1188 4776 1282 4862 pars
1307 4749 1430 4826 attera
1456 4749 1578 4821 lucem
1590 4757 1805 4839 ‚tempore‚
1817 4732 1919 4828 aspi·

356 4874 454 4958 0111,
482 4899 555 4974 qua
573 4881 619 4975 pl
619 4905 691 4951 ana
722 4879 889 4953 methodo
916 4875 1100 4978 Principia
1127 4874 1342 4956 universalia
1371 4871 1418 4946 dc
1448 4866 1724 4966 Aegyptiorum
1741 4854 1921 4950 scriptura

358 4993 484 5093 vulgo
492 5019 617 5090 sacra,
650 5016 763 5100 prout
797 4995 986 5104 Copticae
995 4999 1140 5098 linguae
1165 4998 1249 5099 plus
1272 4996 1435 5072 minusve
1436 4985 1631 5095 congruit
1654 4978 1862 5058 amentur
