4246 5984
858 511 1196 591 t“‹C‘.APU3T.‚
1223 517 1346 600 Vlci‘-
1395 548 1427 562 ’·
1474 567 1476 576 ,
1518 535 1596 564 ⁸
1647 583 1663 598 ,,

997 771 1194 842 orosam.

367 1017 402 1084 t.
505 1009 642 1085 uamvis
660 1009 774 1086 ‘unius
800 1009 989 1106 dumlarat
1010 1008 1116 1085 uerbi
1141 1011 1389 1103 substantium
1411 1014 1883 1118 ‹quododicuntgzsubsidio

311 1158 413 1224 meas
439 1135 563 1207 nostra
590 1131 846 1235 quodcumque
872 1130 1048 1234 judicium
1066 1159 1172 1206 suum
1189 1134 1397 1235 patefacere
1411 1139 1525 1214 valcat
1540 1194 1550 1228 ,
1563 1138 1787 1216 affirmando
1799 1147 1881 1219 sci-

311 1255 396 1330 licet'
422 1255 478 1328 vel
503 1253 671 1355 negando
694 1257 790 1330 entis
816 1252 968 1357 alicujus
994 1254 1246 1352 eristentiamc
1265 1258 1484 1334 :maluerunt
1509 1277 1633 1360 gentes
1658 1288 1801 1355 omnes,
1818 1267 1877 1340 vel
1922 1245 1923 1248 Ἴ

311 1374 477 1456 humano·
498 1376 620 1477 potius
646 1377 772 1476 generi
797 1375 844 1450 ab
871 1377 976 1450 initio
1002 1374 1162 1453 inditum
1189 1376 1259 1454 tuit
1284 1378 1453 1456 brevitati
1481 1383 1590 1457 simul
1621 1398 1731 1486 atque
1758 1386 1877 1460 varie·

312 1503 380 1577 tati
406 1501 592 1576 consulere
619 1500 658 1573 in
685 1497 828 1602 judiciis
854 1499 1064 1589 eliciendis,
1093 1495 1268 1580 dictiones
1295 1530 1388 1605 pene
1411 1507 1618 1582 innumeras
1640 1505 1749 1579 adid
1773 1533 1881 1584 usur.

309 1624 435 1726 pando
461 1645 555 1728 qnae
578 1643 654 1706 'una
680 1624 869 1725 perspicua
896 1637 1135 1726 accuratique
1161 1625 1366 1725 prolatione
1380 1627 1614 1706 *subsistendi
1649 1643 1770 1720 actum
1793 1651 1879 1705 cum

312 1752 436 1853 aliquo
456 1748 673 1853 praedicato
704 1750 924 1825 innuereuto
952 1747 1016 1826 has
1043 1749 1152 1847 vulgo
1178 1749 1332 1826 dicimus
1354 1745 1494 1840 *verbm
1522 1753 1569 1826 ad
1597 1767 1764 1827 normam
1796 1777 1880 1828 vero

311 1874 523 1948 universalis
543 1873 795 1982 grammaticae
821 1871 1033 1973 disciplinae
1069 1873 1177 1948 verba
1201 1873 1436 1948 adtributiva
1453 1852 1524 1948 ¹vel
1552 1891 1724 1954 concreto
1757 1876 1882 1976 appel-

307 2001 460 2090 lentur,
487 1998 642 2100 simplici
658 1997 916 2089 substantivo,
944 2001 1002 2074 cui
1020 1999 1220 2074 latinorum
1236 2027 1314 2076 esse
1332 1998 1553 2101 respondet,
1570 2004 1781 2076 auxiliaris
1803 2027 1881 2076 ver-

309 2125 349 2198 bi
376 2125 525 2197 nomine
551 2137 747 2210 reservato.
795 2173 796 2176 ,

364 2251 402 2325 2.
430 2235 669 2346 Primigeniae
695 2231 937 2347 simplicitatis
963 2247 1122 2347 aegyptii
1149 2245 1287 2351 ubique
1304 2250 1455 2323 studiosi
1475 2251 1636 2349 linguam
1657 2275 1803 2352 quoque
1821 2275 1878 2322 ex·
1956 2308 1961 2315 .

312 2386 452 2472 portem
474 2369 633 2470 ¹aliorum
660 2366 953 2445 lere‘verbo'rum
980 2369 1212 2460 habuerunt,
1241 2397 1315 2446 uno
1342 2388 1488 2472 excepto
1514 2371 1626 2446 serbo
1653 2371 1875 2446 substantivo

312 2519 375 2568 seu
402 2475 588 2600 auxiliari,
616 2491 718 2594 quod
747 2507 868 2565 tamen
895 2491 1135 2568 diversimode
1161 2493 1445 2570 moderabantur
1472 2499 1584 2598 prout
1611 2491 1732 2568 inlra:

752 2744 810 2816 De
838 2742 964 2820 Verbo
990 2742 1224 2819 substantivo
1244 2749 1439 2846 primario.

926 3033 928 3038 .
1059 2925 1174 3086 §Li

367 3253 402 3322 l.
431 3243 597 3323 Verbum
622 3246 897 3321 substantivum
923 3245 1148 3320 existentiam
1175 3259 1278 3319 notat
1308 3245 1463 3342 subjecti
1490 3269 1564 3317 una
1596 3265 1679 3316 cum
1710 3251 1875 3348 respectu

310 3371 358 3446 ad
387 3371 536 3474 aliquod
554 3373 813 3473 praedicatum
841 3372 880 3444 in
907 3373 1036 3472 specie.

364 3499 402 3572 2.
431 3493 700 3592 Monosyllabae
726 3519 828 3568 voces
845 3493 1024 3597 quaedam
1045 3493 1196 3570 verbum
1214 3496 1488 3569 acheruntinum
1508 3493 1733 3592 primarium
1751 3487 1790 3560 in
1808 3483 1879 3556 lin-

216 3648 217 3651 *
309 3647 379 3720 gua
399 3618 607 3717 aegyptiaca
634 3619 890 3707 constituunt,
917 3643 1073 3720 quarum
1100 3645 1141 3692 ca
1168 3621 1220 3692 vis
1246 3634 1300 3691 est
1326 3633 1368 3690 ut
1385 3617 1625 3690 existentium
1644 3623 1878 3714 praesentem

311 3743 384 3815 sive
402 3742 646 3840 praeteritum
671 3741 869 3838 generatim
888 3740 989 3841 quod
1007 3741 1054 3814 ad
1072 3741 1211 3816 essendi
1232 3741 1381 3814 modum
1400 3738 1582 3825 indicent;
1603 3745 1751 3822 verum,
1775 3727 1876 3831 quod

312 3865 359 3938 ad
385 3865 614 3959 subjectum,
643 3863 876 3948 distinctius3
904 3864 1041 3966 etenim·
1066 3863 1094 3936 si
1123 3862 1327 3964 srdojectum
1355 3865 1402 3936 sit
1428 3889 1447 3934 e
1473 3887 1604 3958 genere
1626 3853 1824 3932 masculino
1843 3865 1880 3922 et

311 3987 505 4087 singularis
533 3985 677 4058 numeri
704 4003 768 4062 sse
786 3976 1008 4072 adhibetur;
1037 4005 1098 4064 τε
1126 3986 1156 4059 si
1181 3985 1364 4083 singulare
1385 3982 1628 4074 femininum
1658 3997 1718 4060 ne
1735 3998 1820 4047 vero
1847 3970 1877 4043 si

310 4111 453 4214 plurale
480 4111 526 4184 sit
553 4135 594 4183 ex
621 4108 796 4188 alterutro
823 4133 965 4206 genere.
994 4111 1090 4183 Hinc
1118 4123 1260 4211 tempus
1287 4108 1407 4202 existit
1435 4127 1499 4185 sse
1526 4107 1596 4180 ille
1615 4119 1675 4177 'est
1701 4098 1757 4174 vel
1777 4093 1875 4194 fuitt

313 4255 373 4314 τε
392 4236 464 4308 illu
482 4250 538 4306 est
556 4232 612 4307 vel
623 4230 717 4332 suit3
737 4253 798 4313 tte
821 4235 885 4306 illi
897 4233 954 4306 vel
971 4235 1064 4307 illae
1077 4249 1164 4308 sunt
1176 4233 1231 4307 vel
1238 4232 1411 4334 suerunt,
1426 4228 1526 4333 quod
1540 4235 1783 4326 congruenter
1794 4235 1878 4292 tem·

290 4386 379 4460 pus
396 4383 533 4460 vagans
560 4359 720 4447 dieitur,
749 4353 899 4459 ejusque
925 4354 1041 4431 forma
1069 4357 1187 4432 tribus
1206 4357 1367 4430 dialectis
1384 4351 1585 4428 communis
1601 4365 1679 4424 est:
1707 4371 1760 4420 cr.
1778 4367 1834 4440 gr.
1857 4341 1892 4408 l-

312 4485 396 4559 Cor.
420 4489 461 4557 tt
485 4537 496 4571 ,
516 4486 552 4557 3.
581 4502 785 4584 ngoorr
811 4493 946 4560 rane
981 4473 1044 4562 u'e
1075 4475 1326 4582 irrecgme
1352 4477 1484 4579 (T.)=
1513 4471 1659 4577 κεφαλὴ
1686 4459 1872 4584 γυναικὸς

318 4625 337 4706 ὁ
370 4619 473 4733 ἀνὴρ·
509 4594 528 4693 l
555 4622 639 4696 Cor.
660 4624 708 4712 7,
729 4621 793 4693 39.
822 4633 992 4728 eputari
1018 4637 1192 4720 neeger
1212 4636 1320 4697 mor
1339 4635 1402 4695 ae
1419 4611 1654 4708 osteuga
1680 4619 1741 4682 re
1759 4597 1774 4695 (
1791 4593 1873 4690 B·)=

320 4755 382 4842 icio
410 4753 454 4840 di
473 4759 647 4870 κοιμηθῆ
677 4759 696 4839 ὁ
730 4757 819 4871 ἀνὴρ
850 4757 990 4854 odric,
1022 4755 1216 4869 ἐλευθέρα
1244 4755 1369 4852 ἐστὶν,
1396 4755 1458 4829 Ps.
1495 4749 1600 4838 tot,
1637 4744 1675 4818 6·
1719 4733 1873 4840 nmapt

288 4883 506 4968 'dranum
532 4910 593 4972 ne
621 4909 812 4970 nieman
841 4883 977 4991 lasau
1004 4885 1144 4985 (Μ).
1175 4887 1251 4969 ὖιοὶ
1287 4885 1414 4987 lunda
1446 4878 1617 4967 ἐκλεκτοὶ
1647 4873 1780 4961 αὐτοῦ.
1862 4873 1865 4880 “

368 5029 404 5099 3.
435 5029 564 5125 ltaque
589 5027 628 5097 in
650 5051 811 5098 numero
838 5023 1012 5118 singulari
1039 5021 1199 5092 variatur
1225 5017 1264 5088 id
1290 5013 1441 5090 verbum
1459 5012 1560 5118 juxta
1578 5006 1730 5110 subjecti
1747 5023 1876 5105 gemm,

313 5172 580 5251 quemcumque
608 5143 757 5268 taudem
784 5144 904 5217 locum
930 5140 1028 5218 idem
1055 5137 1260 5241 subjectum
1286 5152 1439 5240 occupet
1464 5137 1505 5212 in
1532 5130 1718 5210 oratione:
1747 5151 1799 5207 ex.
1819 5146 1874 5224 gr.
