4350 6000
1749 437 1843 514 Xlll

200 657 201 660 ,
272 561 546 683 perhumaniter
571 564 790 676 respondit3
820 563 961 666 quippe
991 559 1042 646 ad
1072 557 1224 634 aliorum
1264 562 1382 641 studia
1418 563 1582 667 juvanda
1621 590 1752 664 magna
1780 589 1844 638 vo-

272 721 414 794 luntate
440 713 526 786 ferri
554 708 789 783 consueverit.
816 702 1054 777 Denuntiavit
1075 716 1192 773 tamen
1209 751 1219 788 ,
1239 726 1275 774 se
1301 729 1340 776 ea
1367 706 1578 779 conditione
1597 707 1844 806 acquiescere,

276 855 305 925 si
333 851 482 934 editor,
528 843 690 944 quisquis
727 839 788 912 ille
826 837 970 910 laturus
1019 851 1139 924 esset,
1166 834 1286 934 palam
1327 839 1476 928 lectores
1515 836 1837 913 commonefaceret

274 987 544 1088 grammaticam
572 983 664 1054 hanc
692 979 946 1080 champollion
974 976 1166 1050 maximam
1192 990 1333 1076 partem
1361 994 1541 1078 acceptam
1569 976 1696 1053 referri
1726 978 1839 1055 dobe-

278 1155 343 1202 res
372 1123 615 1201 conditionem
648 1121 794 1222 accepi,
822 1120 930 1193 lislam
959 1143 1076 1192 meam
1105 1117 1233 1192 libem.
1674 1217 1677 1222 Ι

328 1272 511 1342 Hactenus
538 1265 583 1337 dc
610 1263 741 1338 horum
769 1262 1030 1337 elementorum
1057 1261 1240 1334 occasione
1267 1273 1303 1334 et
1329 1259 1511 1348 Auctore3
1532 1285 1647 1361 pauca
1670 1286 1773 1334 nune
1792 1261 1839 1336 dc

276 1412 416 1486 ratione
441 1407 640 1510 praesentis
677 1405 857 1480 editionis.
888 1404 1010 1505 Atque
1037 1404 1076 1476 in
1105 1403 1257 1503 primis,
1278 1429 1352 1504 quo
1383 1401 1490 1476 latius
1516 1400 1715 1476 eorundem
1750 1428 1837 1479 usus

275 1567 416 1654 pateret
443 1550 498 1623 vel
525 1549 622 1622 ultra
650 1561 816 1637 montes,
844 1569 884 1619 ea
915 1544 1094 1619 latinitate
1125 1543 1271 1619 donari.
1298 1520 1501 1644 Exempla,
1530 1541 1664 1647 quibus
1690 1544 1835 1642 regulae

275 1707 312 1763 et
342 1688 606 1764 ohservationes
636 1683 711 1768 iere
741 1684 904 1782 singulae
933 1684 1144 1758 innituntur
1164 1711 1250 1771 ,ex
1279 1684 1433 1758 auctoris
1459 1685 1712 1786 praescripto,
1751 1709 1839 1792 coa-

87 1866 100 1882 ν
275 1829 413 1903 cervari
437 1853 458 1899 e
484 1828 544 1900 SS.
571 1824 768 1899 Librorum
795 1825 843 1896 V.
877 1837 914 1896 et
934 1823 981 1896 N.
1017 1822 1062 1895 T.
1093 1821 1303 1922 fragmentis
1330 1825 1436 1918 editis
1464 1824 1640 1900 thebanae
1669 1826 1835 1915 scilicet,

279 1963 532 2065 memphiticae
558 1978 668 2066 atque
694 1959 967 2036 bascbmuricae
992 1959 1175 2035 versionis.
1203 1963 1286 2036 Non
1305 1989 1404 2038 secus
1431 1988 1471 2037 ac
1498 1963 1778 2065 pronominibus
1805 1980 1842 2040 et

140 2091 142 2095 ’
276 2104 437 2179 articulis
462 2130 532 2204 pro
558 2125 785 2206 unoquoque
824 2127 984 2200 genere,
1023 2125 1176 2176 numero
1206 2116 1316 2202 atque
1354 2104 1518 2203 personis
1544 2105 1710 2205 apposita
1753 2119 1841 2178 sunt

281 2245 441 2346 exempla
468 2243 622 2333 selecta,
650 2245 690 2316 in
716 2241 817 2318 verbi
841 2242 1005 2344 personis
1031 2243 1181 2341 singulis
1209 2240 1493 2346 uniuscujusque
1530 2245 1704 2344 temporis
1729 2269 1841 2346 prae·

276 2388 364 2462 stari
390 2385 557 2461 similiter
582 2399 821 2486 oportuerat,
852 2384 883 2458 si
899 2409 967 2486 per
993 2382 1173 2459 librorum
1202 2385 1345 2487 copiam
1371 2384 1553 2478 licuisset,
1580 2410 1707 2460 eorum
1729 2410 1840 2487 prae-¹

276 2529 400 2603 sertim
430 2528 495 2632 qni
521 2524 569 2601 ad
595 2525 883 2602 baschmuricam
910 2524 1105 2604 dialectum
1130 2528 1338 2627 pertineant
1352 2559 1372 2608 s
1388 2553 1458 2628 pro
1485 2528 1758 2629 opportunitate
1779 2541 1838 2602 ta-

277 2695 362 2744 men
389 2669 568 2744 nonnulla
594 2669 776 2770 apposuia
796 2669 883 2744 alias
907 2667 1083 2761 fortasse,
1110 2670 1187 2744 Deo
1212 2668 1307 2744 bene
1332 2667 1506 2773 juvante,
1534 2671 1618 2747 satis
1645 2669 1730 2745 huic
1755 2697 1842 2745 mu-

277 2811 357 2885 neri
382 2811 599 2914 pleniusque
624 2808 753 2886 saeiam
780 2810 859 2912 (l).
887 2811 1087 2915 Nunquam
1113 2836 1226 2913 porro
1255 2810 1393 2911 neglexi
1419 2813 1569 2912 singulis
1597 2827 1638 2887 ut
1668 2813 1839 2914 exemplis

280 2950 476 3048 eceptiois
502 2948 659 3026 textibus
685 2951 819 3050 singuli
856 2977 878 3026 a
919 2948 1041 3027 fronte
1078 2965 1195 3026 textus
1230 2950 1347 3051 masei
1387 2950 1649 3053 responderent
1675 2977 1695 3025 e
1720 2951 1842 3026 Lxx.

281 3089 372 3163 lntt.
412 3089 512 3164 unde
555 3086 681 3167 Versio
720 3095 927 3193 aegyptiaca
963 3089 1127 3197 profluit.
1182 3096 1232 3168 Et
1269 3093 1442 3195 quoniam
1471 3085 1562 3166 *ista
1613 3117 1696 3165 cum
1718 3090 1841 3165 Codi-

281 3259 323 3309 ce
340 3230 585 3336 Alexandrino
611 3232 828 3338 plerumque
853 3234 965 3328 facit,
983 3235 1053 3311 hoe
1069 3233 1151 3310 ideo
1169 3261 1254 3310 usus
1280 3259 1361 3310 sum
1385 3234 1433 3308 ad
1459 3232 1562 3337 cujus
1590 3232 1701 3308 fidem
1718 3233 1838 3336 capita

278 3388 390 3475 atque
407 3395 529 3448 versus
548 3371 768 3452 indicarem.
795 3372 959 3451 Subinde
983 3392 1130 3468 nmen,
1157 3375 1222 3452 ille
1252 3372 1454 3468 derelicto,
1485 3400 1544 3449 me
1570 3371 1742 3451 Codieem
1767 3374 1843 3466 Va·

280 3515 441 3590 ticanum
471 3512 603 3590 adiisse
622 3515 663 3589 in
688 3517 734 3592 N.
763 3519 977 3619 praesertim
1003 3520 1048 3595 T.
1075 3517 1270 3622 comperies
1283 3516 1472 3622 ,quando
1499 3517 1632 3591 scilieet
1658 3513 1742 3590 huic
1764 3540 1845 3592 ιιιι·
1893 3543 1895 3548 ·

276 3656 485 3758 liusquam
514 3655 570 3731 illi
595 3657 736 3760 coptica
761 3660 876 3735 rersio
911 3660 1082 3736 concinit.
1110 3657 1417 3764 Quandoquidem
1440 3684 1555 3763 porro
1587 3658 1626 3732 in
1659 3672 1760 3733 tanta
1785 3683 1843 3734 re-

278 3794 447 3893 gularum
476 3791 655 3871 brevitate
693 3822 776 3872 cum
816 3799 1074 3902 perspicuitate
1100 3794 1294 3901 conjuncta
1336 3796 1516 3872 nonnulla
1560 3795 1680 3873 deesse
1716 3795 1846 3870 italico
1942 3801 1944 3806 ’

277 3935 353 4014 MS.
380 3932 636 4030 videbantur,
676 3963 770 4042 qrrae
795 3938 935 4016 Auctor
961 3941 1038 4044 ipse
1072 3939 1238 4017 docendo
1266 3966 1351 4017 soce
1382 3938 1630 4042 suppleverit,
1658 3961 1772 4041 pauca
1799 3961 1842 4012 ex

278 4070 336 4149 his
363 4071 488 4150 addita
515 4100 584 4178 per
609 4099 670 4152 me
702 4090 790 4153 sunt
815 4080 969 4184 (neq‘ue
1003 4081 1102 4157 enim
1127 4078 1253 4156 eadem
1288 4078 1448 4155 conditio
1475 4092 1529 4153 est
1563 4077 1764 4178 legentium
1802 4097 1845 4162 ac

279 4240 402 4338 eorum
427 4216 492 4320 qui
518 4241 539 4292 e
564 4216 674 4311 sira,
701 4232 744 4297 ut
770 4216 901 4323 ajunt,
928 4221 1094 4299 Doctus-is
1122 4247 1208 4299 voce
1232 4219 1482 4320 erudiuntur)
1511 4220 1551 4294 in
1581 4245 1656 4323 quo
1689 4215 1842 4322 quidem

157 4447 162 4457 1
278 4382 345 4455 ego
368 4385 389 4433 e
417 4358 671 4458 grammaticis·
685 4360 821 4437 Woide
843 4375 880 4438 et
906 4362 1083 4458 Tattam,
1108 4390 1175 4442 nec
1200 4389 1313 4440 none
1338 4362 1475 4439 Lexieis
1503 4357 1655 4437 Amedei
1680 4359 1844 4457 Peyron,

280 4493 345 4592 (in
362 4520 438 4596 <1¹¹⁰
461 4499 611 4600 quidem
627 4504 766 4580 Auctor
783 4503 838 4604 (2)
850 4504 959 4610 plura
970 4507 1153 4610 praestitit
1166 4507 1313 4606 linguae
1339 4503 1498 4606 copticae
1515 4497 1628 4575 studii
1645 4499 1843 4575 incremen-

307 4761 369 4862 (t)
394 4764 557 4843 Publice
567 4765 831 4844 demmeiaurm
855 4783 935 4864 est,
951 4770 1115 4850 tondent
1139 4771 1337 4851 editionem
1359 4771 1541 4848 adorrrori
1558 4775 1671 4850 totius
1699 4772 1750 4853 V·
1767 4777 1843 4855 Te-

279 4893 453 4965 stamenti
475 4917 499 4966 e
523 4889 637 4972 MSS.
661 4891 853 4985 Sabidieis
878 4911 991 5002 atquo
1021 4895 1194 5002 Captiuis.
1231 4898 1286 4974 Id
1319 4901 1354 4976 si
1377 4909 1612 4994 seruauere,
1652 4911 1691 4975 et
1718 4889 1842 4986 mutia

280 5013 368 5090 inde
390 5016 578 5095 commoda
601 5033 876 5126 sequentum&
895 5020 1009 5124 ΙιιιῘιιι
1020 5029 1287 5132 gratulatione
1302 5025 1415 5108 editio
1427 5023 1594 5135 prodibit
1618 5023 1842 5116 admiration

332 5139 389 5248 (2)ι
416 5141 573 5224 Lexieon
598 5145 744 5255 lingum
773 5162 872 5258 capt.
898 5149 1053 5236 Taurini
1081 5150 1197 5236 4835.
