4418 5986
428 381 519 456 vm

430 521 560 578 natan-a
589 528 761 606 namque.
786 500 839 577 rei
865 499 1059 600 ignorata,
1086 497 1293 601 perturbari
1320 497 1485 602 sequitur
1512 497 1694 612 quidquid
1732 498 1778 574 dc
1806 523 1844 571 ea
1876 496 1992 572 tradi-

424 660 496 718 tur.
527 645 616 736 Quis
643 668 755 742 porro
779 641 1095 739 grammaticorum
1121 640 1246 714 sedulo
1276 639 1531 714 animadvertit
1556 637 1768 742 monuitque
1794 639 1987 750 diligenter

422 811 564 883 graecas
604 810 704 856 voces
732 781 865 883 quibus
904 780 1025 882 palam
1052 795 1107 856 cst
1134 782 1240 876 latius
1271 782 1428 881 cepticos
1469 779 1582 854 libros
1609 799 1753 856 scatere
1783 838 1794 873 ‚
1835 810 1909 857 non
1936 786 1986 858 ita

423 922 573 1024 quidem
598 922 739 994 civitate
767 919 918 992 donatas
944 934 987 992 ut
1014 945 1105 1022 quae
1124 919 1248 993 iisdem
1275 918 1497 1021 respondent
1524 923 1663 1019 coptica
1690 918 1862 998 vocabula
1889 949 1986 996 sem-

423 1089 491 1162 per
518 1063 659 1136 exulare
686 1062 760 1134 sint
787 1059 939 1134 coacta?
967 1061 1014 1154 id
1047 1059 1215 1160 equidem
1243 1060 1382 1156 saepius
1410 1059 1513 1133 docet
1540 1061 1619 1133 idca
1653 1090 1777 1160 graece
1817 1092 1980 1164 expressa

420 1203 618 1304 paulloque
657 1219 764 1302 post,
793 1217 903 1302 atquc
930 1200 1018 1272 adeo
1046 1225 1119 1270 una
1156 1197 1353 1298 eademque
1372 1203 1573 1300 pericope,
1612 1229 1735 1275 rursus
1777 1207 1982 1304 aegyptiace

296 1323 302 1338 l
416 1342 584 1444 prolata,
613 1358 686 1430 ut,
727 1341 770 1412 iis
798 1338 982 1437 exceptis,
1010 1361 1103 1437 quae
1130 1333 1352 1410 Christianos
1391 1338 1483 1410 ritus
1511 1338 1726 1436 attingunt,
1760 1343 1981 1416 consuetudo

394 1480 530 1578 magis
558 1507 599 1552 ex
624 1475 783 1580 quadam
810 1475 1048 1548 assentatione
1073 1472 1234 1575 profecta
1262 1449 1462 1550 erterarum
1488 1499 1616 1549 vocum
1643 1503 1747 1552 usum
1765 1503 1875 1579 quam
1903 1480 1982 1552 ino-

419 1622 480 1719 pia
513 1619 654 1720 proprii
682 1616 856 1690 sermonis
883 1615 1048 1689 videatur
1078 1616 1267 1690 induxisse.
1295 1617 1392 1690 Haec
1420 1613 1628 1718 hujusmodi
1655 1633 1739 1690 sunt
1767 1643 1859 1720 quac
1885 1644 1982 1694 com-

421 1760 588 1831 mixtioni
631 1758 784 1832 aliorum
829 1757 1041 1831 idiomatum
1082 1784 1164 1831 cum
1190 1758 1342 1859 ¹coptica
1377 1783 1541 1831 sermone
1580 1758 1718 1858 oppido
1762 1776 1979 1858 repugnent.

422 1901 549 2002 Neque
580 1897 683 1971 facile
712 1898 821 1972 cuivis
848 1899 1057 2002 persuaderi
1084 1900 1293 2000 continget,
1321 1900 1442 1974 locum
1467 1897 1575 1974 fuisse
1601 1914 1664 1973 aut
1696 1900 1870 1974 idoneum
1892 1918 1981 1975 tem·

418 2065 487 2141 pus
514 2025 676 2112 arabicae
703 2039 846 2136 linguae
873 2041 1131 2142 corrumpendi
1158 2041 1408 2140 aegyptiorum
1436 2066 1637 2114 sermonem
1664 2039 1785 2114 adhuc
1812 2044 1980 2142 supersti-

420 2198 492 2255 tcm
513 2198 600 2255 tunc
627 2183 667 2254 in
695 2182 792 2255 MSS.
821 2181 1042 2268 Codicibus‚
1071 2209 1185 2283 quum
1204 2207 1244 2254 err
1271 2181 1327 2255 his
1353 2181 1479 2281 plures
1506 2181 1668 2256 Arabum
1695 2181 1982 2256 dominationem
2025 2161 2027 2166 ,
2080 2245 2081 2248 ,

416 2327 680 2423 praeverterint
706 2326 934 2428 antiquitate.
965 2325 1094 2395 Nonne
1121 2325 1311 2396 Sacrorum
1337 2323 1516 2396 librorum
1543 2323 1720 2396 versiones
1747 2339 1898 2396 aetatem
1931 2291 1978 2396 ii-

416 2459 489 2536 lam
517 2463 703 2566 manifcste
731 2463 898 2535 redolent
933 2489 1005 2565 qua
1033 2462 1331 2538 restchristianae
1357 2491 1424 2565 per
1451 2465 1655 2562 Aegyptum
1688 2465 1839 2537 maxime
1866 2461 1977 2536 flore·
2011 2497 2016 2504 ·

419 2619 503 2677 rent
531 2571 627 2676 intra
668 2603 821 2676 alterum
848 2629 979 2704 nempe
1004 2604 1162 2678 seculum
1190 2621 1226 2678 et
1252 2603 1460 2705 quartum?
1500 2607 1554 2678 De
1583 2632 1656 2708 quo
1688 2631 1801 2696 vcro,
1843 2607 1872 2680 si
1904 2607 1973 2678 alia

419 2743 608 2832 deessent,
627 2741 769 2836 collatio
796 2769 878 2815 cum
905 2744 1132 2844 septuaginta
1159 2746 1325 2846 Interpp.
1354 2735 1605 2846 Translatione
1632 2745 1795 2818 instituta
1814 2744 1976 2818 testimo-

421 2887 522 2959 uium
551 2884 685 2958 diceret
714 2883 1001 2984 amplissimum,
1030 2911 1144 2986 quum
1162 2865 1385 2958 'vetustiores
1418 2902 1527 2987 atque
1554 2885 1644 2960 adeo
1682 2887 1846 2988 puriores
1874 2887 1975 2961 istius

345 3017 346 3020 ¹
418 3025 586 3102 lectiones
614 3028 826 3128 conspicuae
865 2995 938 3103 sint
964 3033 1002 3103 in
1031 3029 1168 3130 coptica
1206 3029 1392 3118 versione;
1427 3027 1467 3101 id
1508 3029 1690 3131 quomodo
1734 3027 1781 3102 ad
1808 3023 1974 3128 graccum

415 3184 551 3242 textum
583 3169 857 3262 restituendum
876 3189 1127 3274 quantumque
1154 3168 1346 3282 conducat
1371 3196 1490 3246 sacrae
1524 3141 1662 3246 critices
1689 3170 1845 3245 cultores
1873 3167 1975 3274 vide·

410 3312 498 3382 rint.
527 3309 595 3382 Sed
615 3337 788 3409 quorsum
816 3309 917 3402 haec,
946 3340 1063 3415 quum
1090 3283 1318 3412 argumenta,
1338 3335 1430 3413 quae
1457 3314 1686 3412 superstitem
1705 3309 1804 3380 haud
1821 3309 1973 3378 minima

412 3464 573 3550 exparte
600 3449 638 3520 in
657 3453 805 3552 copticis
831 3453 935 3526 libris
962 3455 1248 3555 antiquissimam
1275 3458 1525 3552 aegyptiorum
1543 3453 1705 3548 linguam
1719 3451 1900 3538 evincunt,
1920 3450 1971 3521 ita
2013 3527 2015 3538 ¹

412 3592 450 3662 in
479 3589 707 3680 eruditorum
752 3592 878 3676 oculos¹
900 3595 1091 3668 incurrant
1129 3610 1171 3666 ut
1201 3620 1275 3669 non
1322 3593 1530 3694 relinquant
1570 3590 1776 3690 ambigendi
1816 3586 1972 3662 locum?

412 3735 550 3830 Aperta
585 3755 743 3832 namque
770 3732 842 3806 illis
869 3748 922 3806 est
957 3733 1169 3807 admiranda
1206 3733 1391 3807 consensio
1421 3723 1610 3805 nominum
1638 3729 1725 3832 (t),
1753 3728 1969 3820 verborum,

419 3957 1940 4012 *ἑῇ-Ἥ

459 4077 513 4172 (t)
542 4078 691 4176 Coptica
718 4086 867 4156 nomina
895 4087 1091 4158 usitatiora
1118 4084 1409 4185 hieroglyphicis
1422 4107 1599 4182 expressa
1616 4106 1712 4183 ‚pro
1740 4084 1844 4156 varia
1868 4084 1965 4154 scri·

408 4199 519 4271 bendi
544 4205 714 4292 ratione,
741 4208 860 4304 signis
885 4233 1012 4309 nempe
1030 4210 1357 4309 pronunciationis
1400 4203 1614 4296 indicibus,
1658 4207 1717 4280 rel
1747 4207 1862 4304 signis
1888 4229 1967 4276 rem

407 4324 522 4419 ipsam
546 4324 811 4424 pingentibus,
842 4343 908 4400 aut
933 4329 1134 4431 symbolice
1160 4326 1458 4418 exhibentibus,
1488 4326 1779 4404 animadvertere
1805 4328 1894 4398 licet
1924 4328 1964 4395 in

406 4436 631 4545 aegyptiacis
655 4454 924 4523 maurimontis:
952 4475 1108 4552 qrcorum
1132 4451 1321 4522 nominum
1346 4465 1522 4524 accurata
1546 4452 1712 4554 prolatio
1735 4473 1872 4550 parum
1898 4459 1965 4562 aut

407 4567 508 4640 nihil
533 4571 713 4670 discrepet
742 4600 765 4645 a
793 4577 933 4675 coptica
955 4573 1093 4674 forma.
1121 4565 1300 4673 Exempli
1326 4575 1406 4648 loco
1435 4576 1511 4645 sint
1537 4573 1618 4662 sol,
1648 4571 1758 4660 luna,
1800 4569 1962 4668 digitus;

328 4763 330 4768 ,
406 4685 478 4758 dico
510 4694 641 4786 priora
676 4717 777 4783 cum,
806 4681 843 4765 e¹
866 4697 1021 4788 receptis
1043 4694 1283 4796 probatisque
1308 4692 1605 4798 hieroglyphicas
1633 4691 1867 4768 characteres
1902 4689 1960 4760 le-

406 4810 514 4880 uendi
536 4817 705 4909 regulis,
734 4818 917 4914 efferenda
944 4820 1019 4891 sint
1046 4838 1133 4928 prr,
1163 4837 1257 4917 oog
1285 4845 1353 4908 re,
1382 4816 1482 4907 ooh,
1522 4817 1590 4891 sub
1623 4817 1693 4891 hac
1725 4817 1849 4889 cadem
1879 4811 1962 4911 sor·
2014 4865 2015 4868 ,

405 4955 463 5002 nra
491 4929 628 5032 ubique
655 4939 879 5034 copticor'um
909 4941 1076 5014 codicum
1110 4939 1445 5040 deprehenduntur.
1489 4942 1544 5016 At
1572 4965 1620 5011 ne
1646 4962 1779 5036 anceps
1805 4923 1961 5006 haereas

410 5077 498 5128 rrum
525 5069 625 5128 recte
652 5057 933 5168 lu'craglyphica
960 5065 1030 5138 illa
1058 5066 1161 5166 signa
1191 5065 1351 5165 legeris,
1379 5061 1472 5136 solis
1490 5068 1654 5163 figuram
1676 5076 1712 5138 et
1738 5061 1851 5134 lutrae
1875 5073 1961 5126 cor-
